2392 3862
250 314 253 319 Ι
337 232 658 291 DECLAMATIONES.
677 233 871 292 CCCXXVIIL
1019 231 1084 297 287

479 482 739 552 cccxxvln.

420 625 611 694 Discordcs
634 625 783 693 frutrcs.

118 767 197 834 Filii
224 769 371 834 familiae
401 769 464 836 duo
488 770 709 836 adulescentes
733 769 852 833 fratres
877 766 1084 834 dissidebant.

209 858 321 922 iuncis
345 864 437 924 erunt
460 881 572 925 eorum
589 858 746 924 cubicula.
778 854 920 940 quodam
938 859 1084 940 tempore
1118 848 1129 874 '

211 947 322 1012 audito
345 949 487 1012 tumultu
510 949 544 1012 in
568 948 724 1012 inieriorc
747 949 841 1029 parte
861 945 975 1010 domus
994 944 1119 1010 veniis

208 1039 303 1119 puier
325 1037 360 1100 in
384 1059 457 1101 eum
480 1037 599 1121 locum,
621 1036 656 1100 in
679 1057 743 1119 quc
767 1035 892 1100 clamor
916 1036 995 1099 erat.
1036 1034 1083 1098 in·

209 1125 298 1189 venit
324 1126 464 1191 alierum
488 1147 528 1190 cx
550 1124 629 1189 filiis
653 1124 803 1189 occisum.
849 1122 1084 1188 cubicularium

208 1213 277 1278 eius
300 1216 400 1281 torsit
423 1216 456 1279 ei
480 1213 599 1279 occidit
620 1213 654 1277 in
677 1213 858 1277 tormentis.
896 1210 974 1296 quid
997 1233 1084 1277 com·

205 1304 337 1387 pererit,
358 1304 522 1368 incertum
546 1305 604 1367 esi„
637 1301 856 1386 interrogavit
872 1301 967 1366 illum
985 1300 1083 1384 filius,

207 1390 285 1474 quid
321 1392 543 1476 comperisset.
587 1412 655 1456 non
689 1391 887 1455 indicantem
920 1389 1085 1454 accusavit
1104 1405 1136 1453 10

209 1478 400 1546 dementiae.
433 1480 602 1546 absolutus
626 1484 676 1545 esi
698 1483 802 1564 puter.
834 1479 960 1544 iuvenis
979 1478 1081 1564 purri-

208 1567 282 1632 cidii
306 1574 487 1654 accusatur,
510 1568 602 1634 adesi
624 1568 675 1634 illi
698 1573 800 1652 pater.

514 1762 687 1829 SERMO.

181 1903 242 1968 Rei
270 1926 411 1988 persona
434 1909 509 1970 anic
534 1906 646 1970 omnia
667 1905 860 1989 infamatur,
887 1908 921 1969 ei
950 1925 1080 1969 neccsse

116 1995 180 2075 csi,
207 2015 267 2057 nos
296 1994 337 2058 ab
366 2015 404 2057 cc
432 1993 605 2076 inciperes
629 1994 719 2076 prius
748 2015 826 2077 ergo
856 1993 1014 2057 sumimus
1038 1991 1080 2077 id,
1101 2009 1133 2058 1⁶

116 2079 201 2163 quod
225 2081 315 2164 prius
338 2081 466 2146 videtur
489 2103 558 2146 esse
581 2081 618 2145 iu
640 2102 789 2165 persona.
826 2081 980 2147 occidisse
1003 2080 1079 2145 dici-

115 2173 170 2234 tur
192 2168 342 2233 fratrem:
364 2169 428 2234 hoc
452 2170 580 2234 etiamsi
602 2191 669 2234 uon
691 2191 864 2254 possumus
886 2169 1021 2253 efficere,
1044 2172 1081 2233 ui

115 2257 151 2321 in
173 2278 282 2322 rerum
304 2260 423 2323 natura
445 2280 512 2324 non
535 2279 606 2324 esse
629 2257 788 2344 videatur,
815 2281 852 2324 co
875 2263 985 2324 tamen
1008 2279 1079 2342 per·

115 2344 277 2432 ducemus,
300 2350 427 2412 utnon
449 2346 543 2412 facile
568 2346 729 2413 credatur.

426 2541 766 2609 DECLAMATIO.
1098 2561 1132 2610 20

180 2683 327 2750 Obicitur
350 2707 407 2751 rec
431 2685 593 2751 discordia
612 2685 819 2751 cumfratre:
844 2689 877 2751 ci
895 2686 958 2751 hoc
973 2688 1078 2770 prius·

114 2795 212 2858 quam
243 2773 284 2838 ud
317 2797 431 2840 causas
463 2776 629 2859 periineui
657 2773 836 2856 occidendi,
868 2774 909 2839 ad
941 2777 1077 2855 crimina

111 2882 271 2945 personae
298 2863 508 2929 admitiimus.
552 2863 713 2929 discordia
741 2885 814 2929 cum
836 2862 960 2928 fraus?
1002 2869 1076 2949 aute

114 2950 232 3033 omnia,
262 2972 432 3018 commune
454 2953 664 3018 maledictum
688 2955 738 3018 esi
761 2974 833 3019 cum
858 2975 906 3037 cc,
930 2953 986 3037 qui
1007 2952 1076 3018 vin-

111 3039 252 3124 dicatur,
279 3044 312 3105 ci
340 3063 438 3126 penes
462 3064 558 3127 quem
581 3044 677 3126 culpa
699 3041 811 3127 fueris,
838 3041 944 3126 magis
968 3043 1078 3124 potest
1096 3057 1129 3106 25

183 3238 200 3288 4
218 3249 315 3289 corum
333 3250 385 3290 cm.
403 3239 444 3289 Aa
457 3237 497 3306 116
516 3235 591 3304 quod
610 3253 688 3292 umor
706 3241 785 3289 B-l’
798 3236 808 3304 ΙΙ
822 3240 856 3288 10
875 3234 1022 3289 uccuscicr
1039 3235 1077 3306 ΔΝ

110 3308 146 3360 14
162 3304 322 3362 infirmatur
339 3310 403 3375 ΑΒ,
431 3323 500 3363 corr.
518 3306 563 3362 Rc
585 3307 595 3377 fl
619 3312 722 3363 18-21
744 3307 850 3362 Sermo.
871 3304 1009 3360 Obiiciiur
1026 3319 1075 3360 rec

109 3379 159 3433 cic.
177 3378 279 3447 (omiss.
291 3377 335 3434 rci
347 3394 466 3449 persona
481 3408 514 3418 —
530 3379 667 3435 credatur.
685 3376 873 3447 Declamatio)
892 3380 913 3428 B
936 3379 945 3446 ΙΙ
960 3382 993 3431 23
1012 3394 1075 3447 pcr-

109 3446 287 3503 micumusr
309 3451 321 3519 Ι
342 3452 424 3519 pairs
446 3453 511 3517 AB;
539 3450 655 3516 fortusse
671 3447 846 3523 *[disccrdic
868 3465 932 3503 cum
950 3447 1051 3521 fratrc]
1065 3448 1075 3520 Η

109 3523 145 3575 25
164 3518 196 3575 ci
210 3534 298 3591 pcucs
316 3537 344 3589 q.
357 3537 381 3577 c.
395 3520 415 3575 f.
429 3538 466 3575 m.
485 3521 580 3590 potest
597 3538 648 3578 om.
667 3527 709 3576 Ac
