2392 3862
375 211 695 268 DECLAMATIONES.
714 213 813 268 OOGX.
1007 213 1071 277 221

113 376 214 441 semel
238 374 388 443 adulterii
406 376 579 440 damnatus
597 373 697 438 habet
720 396 812 440 suam
833 397 981 460 poenam.
1016 397 1074 460 po·

112 486 228 530 namus
256 464 341 530 hane
364 485 435 529 esse
457 463 643 546 pecuniam:
671 483 749 527 num
771 463 872 546 igitur
895 466 999 550 exiges
1023 466 1074 530 iu-

112 573 202 628 rann,
228 574 312 637 quaa
339 553 447 636 priore
470 550 590 616 iudicio
613 553 671 615 aut
693 549 804 615 debita
830 555 888 616 aut
909 553 1075 636 persoluta

113 641 205 706 erat?
251 642 343 726 atqui
375 640 403 704 si
435 638 559 723 <non>,
596 643 763 722 tamquam
796 638 924 723 singula
954 640 1075 706 iudicia

112 729 260 814 publica,
287 747 426 814 poenam
453 748 543 793 suam
567 729 660 809 [non]
684 726 822 811 habent,
849 748 915 792 non
937 733 1110 813 possunto

112 839 173 902 pro
196 819 323 884 duobus
347 816 519 883 numerari.

182 923 357 1008 Supererat
391 922 544 1006 fortasse,
580 926 618 987 ut
649 943 781 988 causam
813 943 939 1006 quoque
971 919 1076 988 adhuc

111 1011 177 1075 viri
213 1011 310 1077 fortis
347 1031 441 1097 agere
472 1014 677 1095 temptarem.
723 1032 801 1075 sana
834 1010 1075 1076 dissimulemus

112 1101 257 1184 partem:
294 1105 468 1184 quaeratur
503 1099 603 1183 (cur)
641 1099 769 1182 saepius
809 1100 854 1164 sil
893 1099 1075 1164 damnatus.

112 1191 209 1252 erant
231 1188 362 1274 alioqui,
389 1211 472 1274 quae
496 1209 625 1254 movere
647 1208 700 1253 vos
721 1193 866 1272 possent.
901 1188 1074 1252 damnatus
1096 1203 1128 1252 10

113 1279 165 1341 est
188 1276 348 1342 adulterii.
394 1277 451 1342 sed
477 1280 593 1360 postea
615 1276 743 1342 fortiter
766 1276 941 1360 pugnando
965 1279 1073 1341 osten·

113 1365 214 1447 derat,
237 1387 303 1430 non
326 1386 381 1429 sos
403 1386 474 1429 esse
497 1386 603 1429 mores
622 1386 709 1449 suos,
730 1387 799 1430 non
816 1385 885 1430 cam
903 1365 1014 1449 vitam,
1037 1367 1075 1428 ut

113 1454 150 1517 in
173 1452 231 1516 illo
255 1451 423 1518 credibilia
445 1453 526 1520 haec
543 1453 680 1518 crimina
696 1453 815 1519 forent.
849 1453 906 1518 sed
925 1475 998 1518 cum
1017 1474 1073 1536 op·

112 1546 186 1604 tare
209 1541 259 1605 illi
282 1541 396 1607 liceret
418 1541 677 1625 restitutionem,
705 1542 786 1607 illud
813 1546 927 1627 optare
951 1541 1074 1628 maluit,

113 1632 153 1693 ut
176 1633 388 1714 accusaretur,
410 1633 449 1695 ut
471 1630 510 1695 de
533 1652 610 1696 vero
633 1632 745 1715 quaeri
768 1634 888 1714 posset.
923 1630 986 1696 hoc
1009 1645 1129 1696 non15

115 1717 185 1782 sine
208 1718 295 1784 bona
318 1719 516 1785 conscientia
537 1719 623 1784 fecit
655 1741 711 1784 cur
735 1740 812 1803 ergo
832 1720 1005 1784 damnatus
1025 1721 1075 1783 est

114 1806 255 1871 iterum?
283 1808 359 1891 quia
386 1807 559 1872 damnatus
589 1810 669 1873 erat.
705 1828 772 1871 non
794 1808 993 1890 putaverunt
1015 1806 1075 1884 illi,
1189 1855 1190 1859 ,

115 1894 171 1978 qui
202 1896 443 1980 cognoscebant
474 1896 621 1979 priorum
654 1894 798 1959 iudicum
829 1892 1076 1958 rescindendam

115 2003 187 2046 esse
207 1984 417 2047 sententiam:
440 1983 488 2046 ita
510 1981 622 2063 homo,
646 1982 702 2063 qui
724 1984 800 2063 post
821 1979 1002 2063 praemium
1025 1999 1076 2041 ac·

114 2070 305 2150 cusabatur,
334 2071 380 2133 sic
408 2068 537 2133 auditus
561 2071 625 2149 est,
651 2072 820 2149 tamquam
843 2065 987 2130 nondum
1009 2063 1075 2128 for·
1094 2081 1129 2130 2ο

114 2159 196 2224 titar
223 2155 362 2220 fecisset
406 2175 464 2219 vos
493 2174 587 2239 ergo,
614 2155 670 2239 qui
697 2153 822 2218 duobus
853 2152 982 2217 iudiciis
1007 2174 1077 2216 esse

113 2244 224 2310 dicitis
254 2244 456 2321 damnatum,
489 2242 663 2326 explicate,
691 2241 767 2326 quid
795 2239 884 2304 aliud
915 2240 1076 2305 obiectum

114 2335 160 2399 sit
179 2333 292 2416 altero,
310 2353 392 2417 quae
411 2330 593 2396 differentia
612 2331 750 2396 duorum
764 2328 955 2394 iudiciorum
970 2328 1076 2394 fuerit.

114 2562 136 2598 s.
160 2541 282 2598 valuerit
304 2541 401 2667 [illudp
424 2539 512 2596 fuisse
536 2543 606 2596 sent
626 2540 760 2608 alterum,
782 2538 861 2612 <non
900 2541 942 2595 est
959 2557 987 2609 p.
1006 2541 1075 2594 sent.

105 2611 193 2686 prius
210 2612 308 2682 utique
326 2612 379 2667 illu
401 2655 407 2669 .
425 2611 498 2686 (id)
516 2612 556 2667 sic
576 2612 639 2668 coll.
655 2613 712 2682 128
730 2609 828 2684 (non)
872 2612 904 2667 br

187 2709 202 2757 2
224 2700 312 2772 exigis
330 2708 363 2770 Δ,
382 2719 416 2757 ex
434 2700 478 2756 his
491 2706 521 2769 3,
540 2717 609 2757 corr.
624 2701 681 2756 Aer
694 2703 704 2772 1
717 2701 836 2754 alteram
850 2704 907 2768 13,
926 2715 996 2755 corr.
1010 2700 1055 2755 Rc
1068 2700 1077 2771 11

113 2781 132 2828 4
151 2772 325 2841 acquisitam,
345 2790 428 2842 quam
447 2774 491 2843 311
505 2769 602 2845 (non)
619 2771 664 2827 Ro
677 2772 687 2840 11
705 2776 721 2825 5
739 2786 825 2840 penes
843 2786 906 2825 suaa
924 2785 979 2824 non
999 2771 1027 2827 h.
1046 2776 1077 2838 A,

113 2860 221 2914 poenas
239 2860 304 2898 suas
322 2859 378 2897 non
396 2843 424 2897 h.
442 2847 477 2908 3,
498 2859 603 2913 poenas
623 2842 692 2896 duas
711 2858 766 2896 non
785 2840 811 2895 h.
834 2841 898 2907 Obr,
916 2856 1036 2910 poenam
1056 2858 1077 2896 s.

115 2914 197 2986 [non]
215 2913 243 2967 h.
262 2913 306 2970 Ro
323 2914 333 2983 11
351 2917 368 2968 8
386 2930 443 2968 non
460 2913 548 2984 poss]
572 2913 622 2967 sed
640 2930 714 2982 poss.
732 2915 756 2964 A
769 2911 778 2980 11
792 2911 901 2981 possint
919 2916 971 2980 Aa,
994 2927 1078 2981 posse

114 2989 136 3038 3
164 2985 173 3054 1
200 2990 302 3040 8sanc
326 2984 391 3039 diss.
411 2981 505 3056 <hauc
549 3002 575 3054 p.
594 2984 665 3048 Aer,
688 2983 760 3052 qnod
782 2987 872 3037 nesam
896 2999 935 3036 an
955 2985 992 3036 sit
1009 2984 1077 3035 reei-

110 3057 246 3126 piendum
264 3057 273 3126 11
291 3061 307 3110 9
327 3053 417 3128 (cur)
439 3054 506 3123 Ro!
529 3055 604 3109 esset
621 3057 685 3122 AB,
708 3069 777 3109 corr.
801 3052 861 3119 Ro;
884 3068 968 3120 quare
991 3051 1078 3120 igitur

114 3127 225 3196 saepius
249 3128 293 3180 est
312 3126 479 3182 damnatus?
503 3125 545 3180 Gr
566 3126 633 3248 1112
652 3125 734 3179 erunt
751 3127 772 3176 B
795 3125 805 3194 1
832 3121 938 3190 alioqui
957 3137 1028 3188 quae
1046 3123 1077 3186 Δ,

117 3195 175 3254 alio
189 3213 300 3266 quoque
312 3201 343 3264 3,
356 3198 420 3263 fort.
435 3193 537 3250 *erant
550 3212 568 3248 a
581 3195 655 3265 qua,
670 3211 742 3262 quae
756 3212 792 3248 m.
805 3212 830 3248 v.
840 3194 965 3263 possent:
985 3191 1077 3245 damn.

115 3284 139 3322 e.
158 3286 183 3323 a.
204 3268 249 3338 (cf.
262 3269 409 3338 421431.)
423 3269 433 3337 11
445 3266 553 3322 moveri
566 3268 610 3392 311
623 3282 680 3320 non
697 3268 754 3330 13,
774 3281 841 3320 corr.
861 3263 915 3317 Sole
928 3264 937 3332 1
953 3268 985 3316 12
1000 3276 1078 3316 suam

115 3342 253 3408 132011.
268 3338 312 3394 Ro
325 3341 335 3410 11
350 3345 383 3394 lo
393 3341 520 3407 optarem
530 3336 588 3392 aliu
620 3337 664 3406 31
681 3342 712 3391 17
726 3338 759 3389 ut
773 3334 864 3389 denuo
879 3349 924 3400 qu.
935 3332 992 3388 Aer
1005 3333 1014 3403 1
1028 3347 1078 3402 po·

115 3409 173 3463 tuit
190 3410 252 3478 nan
265 3415 301 3466 20
317 3408 455 3464 iudicium
472 3413 549 3462 3-3
567 3408 576 3477 11
594 3414 628 3463 21
649 3407 717 3477 quid
734 3404 815 3462 vobis
833 3408 866 3473 3,
890 3403 959 3472 quid
976 3402 1078 3459 vestris

116 3479 160 3548 Pl
173 3478 303 3535 iudicibis
321 3482 432 3551 111122
451 3477 571 3548 quitali
589 3482 622 3533 ut
641 3477 695 3533 obi.
714 3481 735 3528 3

65 3790 139 3824 Κ
