2392 3862
429 233 748 290 oscinunurcuss.
765 232 957 291 cchxxlx.
1103 235 1169 303 423

206 394 316 480 fuerit,
338 398 537 462 testamenta
559 396 740 481 perdemus.
776 397 915 463 ebdicss.
957 397 1088 464 emavi?
1111 420 1169 482 po·

207 485 300 551 tavi?
324 488 358 551 et
379 484 520 550 fortasse
542 484 608 550 istu
630 484 770 552 donasti.
799 486 885 551 tenti
907 486 1058 572 supplicii
1081 486 1169 571 quod

205 573 329 640 crimen
352 573 421 638 est?

272 660 373 747 „Non
395 661 533 744 indices,
556 661 676 746 inquit,
700 662 777 745 quid
800 663 929 729 locutus
953 662 1028 730 sis.“
1064 663 1167 748 Finge

204 751 308 817 nolle:
330 751 416 815 licet.
439 750 651 835 magistratus
672 771 739 816 non
758 750 872 836 exigit,
894 753 1003 836 patrie
1024 774 1092 818 non
1115 775 1167 818 ex·
1191 792 1196 810 .

203 840 284 926 igit3
316 839 344 903 si
373 838 570 922 proditorem
597 843 708 924 putes,
740 861 865 906 accuse.
910 845 987 906 sunt
1010 840 1167 926 quaedam

204 932 341 1013 secrete,
359 926 491 1012 iudices,
514 931 548 992 et
566 927 667 992 enimi
682 932 857 1012 parentum
874 929 1020 1013 imperiis
1039 931 1166 996 vacent

555 1135 811 1206 euenum.

285 1260 394 1332 Dives
417 1282 438 1329 a
460 1262 620 1346 parasito
644 1260 820 1344 sacrilego
842 1280 927 1331 reus
950 1262 1079 1332 caedis.

202 1391 332 1544 Peupper
360 1393 395 1454 st
422 1388 513 1453 dives
536 1387 669 1540 inimicri.
716 1388 803 1491 dives
826 1411 1002 1542 paupeppm
1025 1389 1165 1544 ‹ppppsm

292 1499 439 1632 odii?
454 1498 680 1648 diditi
703 1497 848 1631 itit?
874 1478 990 1651 {td
1013 1500 1165 1634 iiiiii

292 1657 333 1721 eb
358 1677 396 1721 eo
420 1654 597 1738 parasitus,
623 1655 659 1718 in
682 1655 854 1739 sacrilegio
877 1654 1111 1740 deprehensus,
1147 1679 1164 1722 e

291 1746 363 1830 lege
386 1746 493 1810 tortus
516 1743 601 1808 inter
624 1743 689 1809 elie
712 1742 802 1828 dixit,
825 1767 845 1808 e
867 1743 968 1810 divite
986 1766 1164 1829 pauperem

289 1832 577 1987 plelppnesipimicum
600 1830 720 1897 iniuria
744 1833 895 1897 occisum.
939 1833 1030 1897 dives
1054 1834 1162 1899 coedis

506 2091 848 2161 DEOLAMATIO.

270 2219 339 2284 Rco
363 2218 470 2283 caedis
495 2218 572 2302 quid
595 2217 757 2284 obicitur?
784 2220 981 2303 petulantia,
1008 2221 1161 2304 improbi·

199 2315 262 2395 tus,
285 2306 561 2392 circumscriptio?
584 2305 650 2372 ists
671 2296 856 2393 nepsuper
874 2308 1004 2392 quidem
1024 2309 1160 2375 obiecit:

200 2420 259 2464 nec
285 2397 393 2482 potuit
418 2396 522 2461 latere
548 2399 626 2461 ente
654 2398 727 2462 ecte
754 2397 822 2462 vitu
844 2398 905 2463 sub
930 2397 1089 2463 eiusmodi
1110 2399 1195 2464 in·2

199 2488 307 2571 imico,
331 2506 425 2569 quem
448 2505 549 2569 usque
573 2506 611 2550 eo
635 2482 861 2550 vehementem
885 2485 1005 2572 dicitis,
1028 2491 1065 2552 ut
1088 2510 1161 2554 mea

199 2596 298 2641 manu
321 2576 408 2638 esset
428 2572 634 2658 iugulandus

267 2661 330 2729 Sed
352 2661 521 2728 inimicum
543 2661 667 2729 occidi?
690 2663 809 2748 quem?
831 2684 1018 2750 pauperem,
1042 2665 1097 2749 qui
1114 2666 1161 2732 ni-

198 2753 248 2819 hil
268 2753 303 2817 in
326 2751 424 2836 curie,
441 2750 527 2815 nihil
549 2751 584 2816 in
603 2751 754 2817 contione
772 2757 911 2836 poterat.
939 2753 1064 2818 inimici
1082 2760 1160 2821 sunt

199 2864 239 2909 ex
260 2842 342 2927 peri
380 2839 436 2905 ssd
459 2843 540 2923 pute
561 2839 730 2904 inimicum
753 2839 868 2906 fuisse:
892 2842 1006 2907 statim
1029 2843 1070 2907 ed
1088 2857 1194 2910 cae-2

197 2929 271 2996 dem
295 2928 545 3014 confugiendum
569 2928 640 2993 est?
662 2926 837 2994 verborum
860 2931 1085 2997 contentiones
1108 2953 1157 2996 er·

198 3019 261 3083 mis
283 3017 463 3083 finiuntur?
488 3017 588 3082 etiem
610 3016 761 3083 hostibus
779 3017 932 3102 parcitur.
964 3017 1083 3083 Caesar
1099 3016 1158 3085 Oa·

196 3107 268 3173 toni
294 3107 400 3172 voluit
426 3106 604 3190 ignoscere.
649 3104 775 3171 Deinde
803 3128 876 3171 mea
899 3129 998 3171 manu
1021 3106 1156 3172 occido?

196 3198 265 3261 tam
294 3193 420 3260 efferati
447 3193 548 3258 enimi
579 3193 673 3259 sum?
708 3216 775 3261 non
805 3216 964 3261 venenum
994 3198 1057 3280 est,
1089 3217 1157 3261 nou

267 3375 285 3423 4
304 3367 441 3437 quidquid
459 3369 505 3438 ΔΙΙ
520 3373 552 3423 11
572 3367 745 3442 <sub>Buss
761 3375 793 3424 19
813 3369 897 3438 quide
915 3371 1009 3440 ΔΜΒ
1027 3368 1156 3440 iugulen-

194 3439 300 3497 dumn
323 3443 333 3510 ΙΙ
356 3446 391 3496 m
413 3438 591 3495 contentione
614 3444 634 3492 B
657 3442 666 3511 i
689 3445 724 3495 26
742 3442 788 3495 est
804 3455 854 3496 om.
873 3444 894 3493 B
916 3441 926 3510 fl
947 3445 984 3496 28
1002 3440 1074 3498 dede
1093 3441 1160 3498 mei

193 3515 219 3565 Δ
232 3512 241 3582 i
255 3517 289 3566 29
308 3509 437 3567 efferenti
454 3514 490 3581 Δ,
509 3509 620 3566 efferaei
637 3517 658 3564 1’
