2392 3862
166 211 209 274 66
532 208 761 276 QUINTILIANI

163 379 287 458 patres,
317 393 398 457 quae
426 372 584 457 optimum
613 371 851 438 adulescentem
880 370 921 436 ad
944 371 1134 439 misericor·

164 463 252 527 diam
284 461 457 546 moverint,
489 483 571 546 quae
599 459 640 525 ad
668 459 916 544 liberalitatem
944 459 1072 545 aliquid
1095 466 1133 527 et

166 551 290 615 discite.
335 551 415 615 nulli
438 549 553 615 horum
577 550 740 615 obiectum
763 551 826 634 est,
855 547 942 633 quod
965 568 1132 616 venenum

164 639 252 723 patri
275 643 434 722 parasset3
456 638 548 718 nulli,
570 637 655 723 quod
678 658 901 722 percussorem
922 636 957 701 in
980 636 1052 703 fata
1072 660 1134 723 pa·

130 728 265 793 urentis
298 728 347 792 sui
380 726 596 792 conduxisset.
649 726 794 807 creditis,
830 725 966 791 iudices:
1003 726 1133 813 alioqui

164 820 244 900 puto
271 837 336 881 non
363 819 432 881 tam
459 817 563 880 levem
587 815 754 881 subituros
778 815 878 879 fuisse
900 835 1041 900 poenam
1065 816 1133 882 sub

164 909 232 970 tam
254 905 378 991 asperis
401 905 557 988 patribus.
594 903 670 989 quid
693 907 743 969 est
766 902 891 989 igitur?
924 903 1049 968 amarit
1069 903 1133 971 ille

164 994 365 1058 meretricem
394 997 427 1058 et
452 994 540 1057 intra
567 1014 738 1058 concessos
766 992 1003 1057 adulescentiae
1032 992 1131 1059 lusus

165 1081 255 1165 (licet
285 1082 372 1146 aliud
395 1081 583 1165 parentibus
606 1081 769 1163 videatur,
795 1084 913 1145 natura
933 1084 1046 1146 tamen
1070 1080 1132 1147 da-

112 1187 146 1236 10
164 1169 231 1257 tos)
253 1171 391 1236 forsitan
409 1170 516 1234 minus
534 1170 676 1235 tenuerit
694 1169 919 1253 cupiditatium
941 1168 1062 1235 frenos.
1088 1190 1132 1235 en

166 1258 250 1344 quod
273 1259 375 1324 fames
394 1258 550 1324 emendet.
595 1259 652 1322 ille
681 1257 796 1323 ductus
829 1257 1025 1343 aequalitate
1053 1279 1132 1324 cum

165 1348 330 1413 sodalibus
349 1348 422 1412 iniit
436 1348 533 1431 paulo
546 1347 792 1431 tempestiviora
811 1347 966 1413 convivia.
985 1367 1026 1411 en
1040 1347 1132 1432 quod

165 1437 355 1501 mendicitas
385 1441 540 1501 coerceat.
586 1436 642 1500 illc
669 1435 836 1501 liberalius
864 1435 946 1499 vixit
975 1438 1021 1514 et,
1050 1457 1132 1520 quo-

166 1524 261 1589 modo
285 1525 407 1588 crimen
428 1524 516 1589 istud
534 1524 597 1590 hoc
615 1529 761 1607 tempore
776 1528 835 1607 est,
849 1522 969 1609 aliquid
983 1522 1130 1590 fortasse

114 1629 146 1677 15
167 1612 307 1676 donavit.
329 1633 396 1676 non
419 1612 518 1677 vultis
540 1614 574 1677 in
598 1612 649 1677 his
673 1613 791 1696 causis,
814 1614 849 1677 in
872 1611 934 1677 hac
952 1612 1131 1679 criminum

167 1722 305 1784 summa,
337 1701 529 1766 misereatur
560 1702 742 1786 hominum,
773 1701 828 1786 qui
858 1700 982 1783 dicunt,
1013 1706 1068 1768 »et
1095 1706 1133 1768 tes

166 1810 291 1854 iuvenis
315 1810 376 1855 esc.

233 1878 279 1942 At
308 1861 445 1943 nimium
469 1877 537 1962 diu,
568 1876 703 1960 iudices,
735 1878 782 1942 sic
804 1877 941 1943 defendo
964 1879 1131 1963 optimum

165 1967 323 2049 iuvenem,
345 1971 511 2052 tamquam
535 1967 624 2031 istud
641 1966 798 2032 abdicatis
817 1966 1027 2050 praestiterit
1061 1988 1132 2034 nen

112 2071 146 2120 20
165 2058 231 2120 iam
255 2056 422 2122 abdicatis:
445 2058 492 2122 rei
515 2055 664 2140 publicae
682 2052 814 2140 (fortius
835 2056 916 2120 libet
933 2052 1047 2143 agere)
1066 2056 1132 2121 im-

164 2150 258 2230 put03
287 2151 320 2210 et
342 2147 448 2233 magis
471 2146 681 2230 imputarem,
710 2144 737 2208 si
760 2143 843 2209 tales
868 2148 989 2227 essent,
1012 2143 1132 2229 quales

165 2255 220 2298 eos
245 2241 413 2301 aecusator
436 2256 506 2299 esse
530 2233 746 2298 contenderat.
789 2232 871 2296 nihil
896 2236 946 2298 est
967 2232 1132 2317 periculo·

165 2343 248 2470 erl
268 2321 1132 2491 sueratcursitantibus

113 2512 147 2559 aa
166 2516 263 2559 venes
291 2496 324 2560 in
347 2498 477 2580 magnis
500 2496 704 2579 patrimoniis
728 2503 825 2582 atque
847 2498 881 2563 in
906 2518 1034 2564 summa
1055 2499 1133 2565 nati

167 2583 339 2669 dignitate,
368 2584 476 2649 subito
500 2586 637 2667 excussi,
659 2607 725 2650 non
748 2587 819 2651 dico
841 2587 972 2671 opibus,
995 2587 1052 2653 sed
1074 2608 1133 2655 ne-

166 2673 316 2737 cessariis
340 2673 438 2738 etiam
462 2672 502 2738 ad
525 2673 645 2739 victum
660 2675 872 2761 spiritumque
886 2676 1038 2740 ultimum
1058 2697 1131 2742 sus·

166 2760 350 2846 tinendum,
363 2812 366 2817 .
379 2783 445 2826 non
474 2761 625 2828 redibunt
648 2763 689 2827 ad
712 2785 792 2848 opus
815 2765 1028 2848 cotidianum,
1060 2784 1133 2830 non

168 2849 331 2915 sufficient
355 2850 483 2915 assiduo
507 2850 626 2933 labori3
655 2856 815 2937 superest,
843 2857 880 2918 ut
903 2853 1045 2919 audeant
1068 2852 1133 2918 ali·

239 2993 255 3040 4
274 2985 390 3040 fatas
414 2987 423 3054 l
447 2991 462 3040 5
482 2987 652 3042 condixisset
669 2991 718 3040 AB
741 2989 749 3057 11
773 2996 789 3044 6
808 2988 1030 3044 subitoroffuisse
1049 2992 1131 3061 Al?

167 3056 300 3130 amav<cr
321 3055 346 3110 it
356 3056 400 3112 Fr
414 3059 422 3126 11
437 3063 453 3112 8
472 3058 704 3113 adulescentulas
718 3061 727 3128 11
751 3064 784 3113 10
794 3058 948 3114 forsitansA
962 3061 971 3129 11
986 3061 1133 3130 cupidita·

165 3134 266 3185 tumn
295 3130 299 3196 1
332 3133 365 3181 12
384 3127 565 3251 tempestiora
582 3132 647 3181 AaB
671 3131 680 3198 11
704 3135 737 3183 13
757 3129 989 3199 quando(?)1to
1011 3132 1021 3200 l
1046 3137 1080 3188 16
1100 3138 1149 3191 et.

167 3219 230 3254 cum
249 3199 305 3253 iuv.
325 3203 360 3264 Δ,
389 3202 418 3253 et
457 3216 503 3252 um
521 3199 577 3255 inv.
595 3204 629 3267 B,
655 3216 724 3256 corr.
743 3207 839 3257 amor
856 3204 976 3257 incertus
995 3218 1040 3271 ap.
1063 3203 1104 3259 Pi
1122 3206 1134 3279 11

168 3278 200 3325 19
225 3269 329 3323 *istum
352 3273 387 3336 A,
416 3269 520 3324 iustum
538 3273 572 3338 B,
600 3272 705 3324 victum
726 3272 764 3326 Pi
790 3273 799 3341 11
825 3273 891 3328 nolo
914 3272 971 3327 iam
994 3273 1133 3333 abdicare

166 3345 224 3407 AB,
244 3356 312 3395 corr.
333 3340 375 3394 Gr
388 3340 397 3408 11
411 3344 442 3392 21
464 3340 561 3410 quales
580 3356 629 3401 om.
643 3346 664 3393 B
678 3344 687 3411 11
702 3346 735 3394 22
756 3358 803 3397 ecs
821 3359 872 3401 om.
890 3348 911 3395 B
925 3345 935 3413 11
948 3344 1133 3403 accusatores

168 3429 197 3465 sc
217 3416 237 3463 B
257 3412 266 3478 11
285 3411 466 3465 contenderet
483 3414 515 3478 A,
534 3412 666 3465 conderet
683 3417 713 3479 B,
732 3428 800 3469 corr.
818 3413 862 3469 Ro
875 3415 885 3483 11
903 3418 946 3469 est
963 3430 1013 3471 om.
1032 3416 1135 3487 ³l24

166 3481 322 3537 utilitatem
343 3484 400 3549 ΔΒ,
419 3496 486 3536 corr.
504 3485 561 3536 Aer
575 3483 584 3550 11
599 3485 630 3530 Ν
651 3484 697 3550 All
711 3488 745 3536 29
764 3486 890 3539 assiduos
909 3484 1019 3542 labores
1037 3489 1060 3539 B
