2392 3862
111 179 130 243 8
469 176 700 243 QUIil'I'IIrIANl

108 362 169 425 pus
193 362 317 429 meum,
346 338 434 424 quod
462 361 528 404 non
551 340 655 405 solum
687 343 779 405 motu
807 342 998 427 [corporis],
1026 344 1078 411 fa·

108 429 219 493 miliae
243 428 498 495 conclamatione
517 429 651 494 excitari
673 451 740 494 non
763 430 885 514 potnit,
908 432 968 497 sed
990 432 1078 501 belli

108 517 252 582 tumultu
276 523 308 582 et
331 517 459 602 fragore
483 518 650 602 signorum
674 521 707 582 et
724 517 944 602 trepidatione
967 523 1076 589 totius

109 606 267 671 civitatis:
308 606 470 671 victurum
502 606 732 690 promitteres?
773 605 977 675 Veneficium
998 611 1076 693 fini·

74 696 189 760 eticae
224 693 332 779 docui,
369 695 557 759 veneficium
590 694 734 779 periculo
768 694 875 762 docui:
912 697 990 763 volo
1025 699 1073 765 di·

109 805 179 848 cere
203 783 296 848 etde
319 785 436 849 animo.
459 783 629 849 Potionem
653 783 749 847 istam
769 784 820 849 cui
839 783 983 851 dedisti?
1006 810 1075 873 quo

107 876 252 956 tempore
275 872 416 939 dedisti?
452 872 603 956 privigno
627 870 753 937 dedisti.
781 873 810 938 si
834 873 899 939 alio
917 876 1075 961 tempore

108 962 265 1047 dedisses,
297 961 464 1047 deceptam
497 964 529 1025 te
561 964 724 1047 putarem:
760 982 846 1026 nunc
873 965 1076 1051 excogitasti

108 1051 282 1133 potionem,
306 1071 388 1134 quae
411 1071 463 1114 me
486 1049 559 1135 lege
582 1048 747 1115 occideret.

56 1156 89 1204 10
174 1137 334 1222 Equidem
353 1138 381 1203 si
396 1160 447 1202 me
461 1138 658 1222 interroges,
681 1138 801 1204 vixisse
830 1161 881 1204 me
904 1140 963 1205 illo
987 1144 1075 1212 tem·

107 1249 186 1312 pore
209 1249 274 1292 non
298 1227 449 1293 arbitror.
477 1226 554 1312 quid
576 1226 684 1292 mam?
706 1249 765 1312 pro
785 1226 831 1292 dii
849 1228 1073 1297 immortales!

108 1316 220 1381 autin
243 1339 307 1402 qua
330 1320 422 1401 parte
445 1319 581 1380 naturae
605 1315 727 1380 locavit
745 1337 796 1379 me
814 1316 977 1382 noverca?
1001 1318 1075 1385 bel·

107 1405 176 1469 lum
203 1406 286 1470 mihi
312 1405 496 1470 nuntiatum
525 1408 588 1488 est,
620 1406 652 1468 et
674 1404 853 1489 hominem,
882 1428 981 1490 quem
1003 1430 1075 1475 non

107 1493 326 1577 peregrinatio
350 1491 503 1577 detinuit,
525 1514 592 1557 non
612 1492 761 1557 absentia
786 1493 855 1558 ulla
881 1495 1072 1580 epericulo

57 1599 89 1647 15
108 1580 249 1646 civitatis
269 1581 438 1666 relegavit,
452 1581 605 1665 <somnus
625 1581 762 1663 vinxit).
791 1581 867 1666 quid
891 1585 1002 1649 actum
1026 1586 1075 1651 sit

109 1673 259 1734 manente
283 1691 334 1733 me
357 1669 444 1734 intra
466 1692 585 1754 muros,
608 1670 846 1735 commilitones
867 1671 932 1736 mei
955 1693 1075 1739 narra-

109 1762 238 1823 verunt:
271 1757 388 1823 dicitur
416 1759 529 1843 ingens
557 1758 659 1823 fuisse
685 1759 863 1843 proelium,
895 1762 1077 1828 commissa

108 1847 271 1932 utrimque
296 1847 398 1927 acies,
420 1846 520 1911 dubia
543 1868 639 1930 saepe
666 1847 803 1913 victoria
826 1851 858 1912 et
883 1848 946 1913 huo
970 1853 1076 1935 atque

107 1936 186 2001 illuc
210 1958 284 2021 spes
301 1935 468 2020 inclinata,
492 1957 564 2000 cum
587 1935 717 2000 interim
735 1937 839 2020 miles,
861 1936 897 2001 in
915 1959 979 2021 quo
998 1940 1074 2022 plu-

56 2043 89 2092 ao
107 2026 226 2093 rimum
249 2025 395 2110 fiduciae,
417 2024 452 2091 in
475 2047 539 2110 quo
563 2023 740 2090 maximum
764 2028 965 2091 momentum
984 2027 1075 2095 uide-

107 2116 212 2201 batur,
235 2117 271 2183 in
292 2115 385 2183 nulla
407 2118 500 2201 parte
523 2114 611 2180 visus
635 2113 773 2179 auditur.
797 2113 875 2198 quid
896 2113 970 2198 plus
994 2136 1074 2185 oon·

106 2206 233 2290 tingere
255 2205 364 2289 potuit
386 2204 489 2288 hosti,
517 2203 546 2268 si
568 2201 746 2288 perissem?
791 2224 858 2269 non
881 2203 946 2269 alio
970 2205 1073 2273 modo

108 2294 217 2358 audivi
239 2294 341 2377 bella,
365 2314 463 2376 quam
482 2313 615 2357 avorum
633 2313 893 2377 proavorumque
911 2294 1072 2377 tempori·

107 2381 178 2445 bus.
223 2379 270 2445 At
292 2381 322 2444 si
354 2379 435 2444 mihi
467 2378 560 2445 detur
591 2379 772 2445 emendatio
803 2380 1070 2468 praeteritorum,

55 2469 235 2535 sentinam
256 2489 394 2532 noverca
419 2466 501 2533 illud
524 2468 635 2535 statim
654 2490 812 2537 venenum
830 2469 980 2554 dedisset,
1004 2493 1073 2555 quo

108 2559 176 2623 vita
194 2555 389 2623 auferreturl
411 2556 469 2622 illa
491 2557 624 2641 potione
647 2562 874 2643 consumptum
897 2561 970 2625 tota
991 2560 1075 2625 civi-

109 2650 160 2712 tas
193 2645 234 2711 ad
265 2666 382 2731 rogum
414 2646 558 2730 tulisset,
590 2646 787 2712 celebrasset
809 2646 936 2729 laudes,
968 2648 1074 2715 etiam

109 2735 265 2820 temporis
289 2734 461 2803 discrimen
485 2735 625 2801 multum
649 2735 815 2801 attulisset
834 2735 1074 2803 admirationis.

108 2825 166 2889 illa
190 2824 333 2891 dicerent
356 2824 519 2891 homines:
543 2845 626 2890 »non
649 2825 837 2891 tulissemus
860 2824 950 2908 haec,
972 2824 1002 2889 si
1025 2826 1073 2891 ri·

181 3024 194 3071 1
216 3016 338 3087 corporis
352 3022 383 3085 Δ,
402 3019 518 3073 exclusit
531 3016 591 3085 aa
608 3018 656 3073 sed
672 3018 762 3072 nocio
781 3033 819 3072 aa
837 3016 913 3071 alius
929 3017 1075 3086 penatium

107 3088 313 3145 substituendus
329 3090 367 3144 sit
383 3090 393 3158 l
412 3095 428 3143 3
445 3088 552 3158 frigore
570 3091 642 3158 eal
662 3095 680 3143 4
698 3087 818 3143 seientia
835 3092 867 3156 Δ,
886 3087 1013 3143 finitione
1032 3088 1075 3159 (3)

108 3159 152 3215 Ro
165 3163 175 3229 l
189 3166 205 3215 o
220 3176 280 3215 esse
294 3160 419 3229 periculo
432 3164 474 3213 Aa
486 3163 496 3229 l
510 3166 525 3214 9
541 3160 598 3228 qut
611 3164 651 3213 Ab
665 3162 675 3231 l
688 3158 823 3215 occiderit
832 3163 863 3225 Δ,
873 3174 942 3214 corr.
953 3156 1022 3225 Fet
1037 3165 1072 3214 11

108 3230 185 3284 enim
203 3235 234 3298 Δ,
253 3247 323 3287 corr.
342 3231 387 3287 Ro
399 3232 411 3300 l
425 3230 601 3303 15<somnus
620 3228 740 3303 vinxit.)
759 3230 804 3285 Ro
822 3230 962 3297 conserens
980 3233 1073 3296 9,21.·

107 3301 238 3356 devincta
255 3318 334 3356 mens
360 3303 372 3371 Ι
401 3304 468 3357 acta
484 3305 539 3368 Aa,
565 3301 623 3357 acti
640 3306 689 3371 Ab,
708 3318 777 3357 corr.
797 3302 864 3370 Roll
880 3306 912 3357 18
931 3302 1075 3368 utrunque

107 3395 149 3444 Aa
161 3391 171 3457 fl
184 3395 218 3443 28
237 3405 460 3457 prom-aramque
477 3393 518 3442 Aa
530 3391 541 3457 Ι
553 3394 589 3443 24
605 3393 702 3446 nota:
727 3388 762 3443 si
779 3375 809 3445 n'r
827 3384 897 3445 det¹
911 3389 1074 3445 emenda-

108 3460 157 3516 tio
176 3459 448 3529 praeteritorum
466 3462 560 3528 Alto
578 3461 720 3517 auferetur
737 3465 778 3514 Aa
