2392 3862
369 240 693 328 ,DECLAMATIONEC
712 242 850 299 CCCXIII.
1028 245 1093 315 227

134 426 235 490 quare
259 404 402 471 occidere
427 404 587 487 debuerit,
614 403 700 470 dico:
728 406 942 475 infitiabatur.
983 411 1034 492 tu,
1058 412 1095 472 ut

129 494 214 559 banc
243 515 374 561 causam
406 492 570 559 occidendi
594 493 759 578 excludas,
790 496 967 562 substituas
993 497 1094 562 aliam

129 604 260 648 necesse
279 587 338 648 est.
362 582 442 647 satis
462 582 643 666 argumenti
663 587 742 667 erat,
762 583 790 647 si
809 584 981 649 occidisset
999 586 1093 671 clam,

131 673 158 736 si
182 693 221 736 ex
244 671 384 752 insidiis,
413 671 440 734 si
463 673 630 755 tamquam
653 674 842 757 negaturus.
889 694 970 756 qnae
994 694 1092 738 causa

128 760 295 827 hominem
323 760 359 823 in
387 759 491 824 scelus
519 760 609 844 egit?
647 760 725 844 quid
752 759 828 844 fuit,
856 761 941 844 quod
964 765 1127 827 tantame

128 850 254 915 rabiem
283 847 472 933 concitaret,
499 848 562 913 nisi
589 848 685 933 illud,
713 849 801 934 quod
831 849 954 915 sciebat
981 871 1015 914 se
1039 850 1090 914 de-

127 938 236 1004 disse?
282 959 354 1002 cum
382 936 500 1002 dicenti
527 937 634 1021 »apud
665 942 697 1002 te
729 939 901 1022 pecuniam
934 937 1092 1022 deposui«

129 1025 395 1110 respondebatur,
414 1026 509 1111 »quis
526 1026 621 1091 testis
640 1025 712 1092 est?
737 1048 819 1111 quae
831 1026 985 1111 probatio
1001 1025 1091 1091 est?‹<
1144 1105 1146 1110 ,

127 1119 247 1198 quanto
277 1114 376 1182 animi
405 1120 497 1181 aesta
529 1115 763 1200 ageba[n]tur?
799 1137 865 1180 non
887 1114 981 1181 vobis
1005 1114 1091 1180 vide·

128 1203 262 1288 [ba]tur,
285 1226 358 1270 cum
371 1204 492 1288 feriret,
515 1203 571 1267 illa
591 1203 725 1269 dixisse:
749 1205 818 1269 »aa
835 1226 903 1268 non
916 1203 1090 1288 deposui‘ir
1110 1221 1144 1270 10

127 1294 248 1376 optime
271 1293 472 1358 mehercule
496 1290 576 1355 mihi
595 1292 721 1357 videtur
741 1315 778 1358 ac
792 1293 926 1357 militari
945 1293 1090 1359 facinore

125 1381 184 1446 illa
203 1383 413 1446 exclamasse:
437 1380 470 1444 »i
487 1401 573 1446 nunc
592 1385 625 1446 et
644 1402 741 1466 nega3
759 1382 770 1445 i
793 1385 929 1447 nuncet
948 1381 1089 1446 alienam

124 1471 297 1552 pecuniam
325 1472 474 1534 converte
502 1469 536 1532 in
564 1473 639 1535 tuas
663 1470 870 1554 cupiditates:
896 1492 964 1535 non
986 1471 1088 1536 uteris

126 1562 266 1623 tamen«.
311 1557 395 1624 Ibat
418 1562 607 1645 argumento
630 1579 708 1643 ergo
731 1561 822 1644 sate,
855 1559 941 1644 quod
963 1559 1087 1625 occidit.

126 1669 223 1730 quam
246 1647 333 1713 ultra
354 1646 544 1713 desideratis
563 1647 813 1734 probationem?
837 1647 956 1713 occidit
974 1648 1087 1713 statim
1108 1664 1142 1714 15

124 1736 308 1803 moriturus
339 1735 527 1822 frequenter
549 1737 669 1803 iudicia
686 1736 872 1802 huiusmodi
891 1739 1088 1821 exercentur,
1118 1772 1120 1776 ·

121 1827 159 1888 ut
187 1825 215 1888 si
242 1846 294 1891 res
325 1825 359 1892 in
386 1825 508 1893 notitia
538 1824 657 1890 dicitur
681 1846 751 1890 esse
776 1825 989 1906 servulorum,
1020 1826 1086 1888 tor*

123 1914 213 1995 queri
244 1914 408 1998 mancipia
431 1912 607 1978 videamus.
649 1913 771 1977 simos
796 1912 939 1976 civitatis
964 1916 1088 1975 etcon-

122 2000 206 2065 dicio
230 2002 367 2066 mih‘tiae
395 2004 575 2084 pateretur,
603 2022 637 2064 se
660 2001 695 2064 in
717 2003 882 2064 tormenta
906 1998 1087 2079 obtulisset,

120 2089 215 2152 illum
239 2089 451 2173 poposcisset.
497 2109 564 2152 non
591 2087 652 2151 tibi
679 2087 808 2154 videtur
834 2086 1023 2171 praebuisse
1047 2087 1086 2151 de
1105 2105 1140 2155 20

120 2176 233 2242 animo
252 2197 310 2255 suo
334 2175 582 2260 quaestionem?

507 2386 700 2455 CCCXIII.

364 2511 471 2579 Falso
496 2511 613 2579 cachs
637 2511 837 2578 damnatus.

120 2639 186 2716 Qur
214 2655 339 2704 camus
368 2656 465 2704 anun
493 2655 732 2704 accusaverim
756 2656 875 2718 uacua
899 2658 1083 2705 animave·

208 2747 278 2812 nm,
302 2744 376 2793 msa
399 2744 585 2794 cornuue.
629 2744 876 2794 nauricorum
900 2745 1083 2795 suernmm
1101 2743 1136 2793 aa

206 2835 244 2882 1u
273 2834 362 2882 mnu
395 2833 611 2882 namusmun
642 2834 896 2884 emanaturas.
952 2840 1081 2884 aecusa-

209 2907 256 2971 vit
279 2905 411 2990 quidam
435 2911 468 2971 et
490 2907 664 2972 damnavit.
710 2905 744 2970 in
773 2905 857 2973 diem
880 2906 1082 2972 tricesimum

180 3103 194 3151 1
210 3113 265 3165 qua
278 3101 388 3153 ratione
403 3102 423 3151 B
438 3099 447 3166 11
461 3098 614 3153 Iexolusas
624 3102 647 3149 A
661 3100 670 3168 1
684 3084 852 3152 substita
866 3100 875 3166 1
889 3096 1060 3152 thominum
1072 3095 1081 3166 11

114 3176 131 3226 9
152 3168 253 3237 quanti
275 3169 363 3223 animi
387 3173 482 3224 aestus
505 3168 661 3240 agebantur
684 3172 742 3235 AB,
761 3185 830 3224 corr.
850 3168 894 3223 Rc
908 3169 917 3236 11
931 3172 1020 3220 9-10
1039 3165 1080 3220 vi·

114 3239 260 3312 de[ba]tur
279 3239 323 3294 Fr
345 3241 355 3309 11
378 3247 410 3295 10
428 3239 500 3294 illud
518 3245 538 3293 B
562 3242 571 3309 11
595 3245 627 3294 12
646 3240 656 3293 i
676 3240 751 3312 (ΜΘΗ
771 3239 802 3294 hi
820 3240 866 3307 1ss
886 3244 920 3294 14
939 3253 977 3291 er.
996 3252 1079 3306 argu·

114 3313 241 3366 mentum
261 3327 328 3380 ergo
345 3314 457 3367 tantum
476 3316 538 3379 ΔΒ,
559 3326 628 3367 corr.
647 3309 701 3378 Ro,
719 3313 768 3378 cfa
787 3311 853 3366 dect.
872 3313 941 3364 348:
960 3307 989 3361 id
1009 3308 1079 3363 satis

113 3382 276 3452 probationi
294 3383 467 3450 existimavi3
488 3399 524 3438 er.
545 3386 742 3452 argumentum
761 3398 785 3435 e.
805 3379 890 3436 etiam
905 3379 974 3445 Sata
992 3379 1079 3447 fort*
1188 3405 1193 3423 v

113 3472 152 3510 er.
173 3456 370 3524 argumentum
389 3471 412 3510 e.
432 3453 490 3509 iam
511 3454 520 3522 11
543 3459 576 3509 21
596 3455 645 3510 tuo
664 3458 727 3521 ΑΒ,
747 3467 816 3508 corr.
836 3451 893 3506 Aer
915 3453 925 3522 1
947 3456 982 3508 25
1001 3451 1079 3508 dam·

111 3525 254 3582 natorium
272 3529 294 3578 B
1081 3548 1163 3636 ,-

876 3613 934 3672 is*
