2392 3862
337 207 655 266 DECLAMATIONES.
675 209 842 268 CCLXXIII.
1006 211 1070 277 119

106 397 213 442 neres:
237 376 384 441 detracto
406 395 480 439 aere
498 372 605 436 alieno
624 372 721 455 omni,
744 374 897 440 detractis
917 375 1069 441 oneribus

105 467 265 530 bonorum
297 462 384 548 quod
410 461 574 526 residuum
603 481 642 524 ex
669 461 863 542 patrimonio
885 462 1014 548 fuisset,
1037 464 1070 529 id

106 553 169 618 tibi
191 553 244 618 lex
267 551 468 618 concederet.
491 569 586 633 quem
607 549 710 632 igitur
732 550 892 616 calculum
911 574 984 617 cum
1004 552 1069 617 alio

105 642 274 726 posuisses,
295 660 400 725 ponas
418 658 549 702 necesse
569 640 618 702 est
635 641 752 702 tecum.
783 660 861 703 nam
879 641 1070 724 patrimonii

106 731 142 796 in
166 730 270 795 alium
291 726 464 794 transituri
486 747 525 790 ea
546 725 631 791 ratio
651 727 711 809 est,
733 730 770 790 ut
787 727 929 811 primum
947 728 1104 795 creditos

109 819 258 884 satisfiat.
303 819 431 900 partem
460 818 627 898 tamquam
650 814 779 879 debitor
802 816 915 901 solvit,
941 820 1069 901 purtem

107 910 277 991 tamquam
310 904 450 969 creditor
481 903 610 987 accipis.
660 903 760 968 etiam
790 926 877 970 nunc
907 905 1069 989 fingamus

108 995 192 1061 alios
212 993 388 1060 creditores
408 997 441 1058 et
458 990 541 1056 nihil
555 992 590 1056 in
604 991 801 1075 patrimonio
816 994 903 1080 quod
917 994 1070 1079 supersit,

106 1083 141 1148 id
160 1088 196 1149 ut
216 1081 421 1148 manifestius
442 1083 539 1165 atque
558 1080 703 1164 apertius
723 1081 837 1166 dicam,
857 1082 923 1147 sint
943 1103 1069 1167 posses-

105 1171 213 1237 siones
236 1171 313 1236 huic
336 1169 547 1255 deprehenso,
569 1169 636 1234 sint
654 1170 834 1254 mancipia,
849 1171 1002 1256 supellex,
1025 1171 1122 1236 sit10

104 1281 159 1325 aes
183 1261 334 1343 alienum,
357 1259 409 1324 cui
432 1258 500 1324 aeri
520 1257 625 1323 alieno
645 1280 712 1323 non
731 1259 895 1324 sufficiant
914 1281 960 1344 ea,
984 1281 1067 1345 quae

104 1349 139 1413 in
162 1348 359 1432 patrimonio
384 1350 473 1413 sunt:
502 1347 674 1431 occupabis
697 1348 869 1432 mancipia,
892 1348 1089 1433 occupabis.

104 1436 353 1521 supellectilem,
381 1434 555 1500 creditores
584 1436 697 1501 inanes
727 1436 869 1502 excuties
897 1440 995 1520 atque
1022 1435 1067 1501 di·
1151 1436 1153 1441 ’

104 1524 239 1590 mittes?
262 1546 328 1590 non
349 1527 460 1611 potest
481 1523 543 1589 hoe
567 1545 705 1609 aequum
728 1524 829 1590 videri
851 1525 981 1590 tibimet
1003 1525 1068 1608 ipsi

102 1613 293 1679 faeneranti.
339 1613 448 1680 omnia
475 1612 576 1698 igitur
603 1634 654 1695 ea,
682 1634 764 1697 quae
796 1617 1004 1700 apparerent,
1032 1613 1067 1677 in
1087 1627 1121 1677 15

103 1703 261 1767 creditum
289 1706 323 1768 et
345 1703 381 1767 in
404 1723 459 1767 aes
483 1701 625 1767 alienum
648 1702 858 1785 transissent;
880 1705 935 1787 tu,
957 1724 1068 1788 quam-

105 1791 156 1857 vis
177 1791 284 1876 legem
305 1790 459 1875 haberes,
481 1811 546 1875 qua
567 1790 629 1855 tibi
648 1789 787 1857 adulteri
809 1791 896 1857 hona
919 1791 1069 1856 deberen-

102 1883 171 1963 tur,
197 1880 281 1944 nihil
308 1883 428 1945 tamenv
449 1900 488 1944 ex
511 1880 580 1944 eius
604 1879 745 1945 adulteri
768 1879 876 1964 bonis,
905 1880 961 1963 qui
984 1877 1070 1943 nihil

101 1967 250 2047 haberet,
278 1969 466 2053 recepisses.
516 1967 562 2031 sio
594 1989 672 2053 ergo
701 1971 809 2032 tecum
837 1967 965 2032 debitor
993 1970 1068 2030 tuus

102 2057 261 2139 loquitur:
285 2055 390 2120 >bona
413 2076 494 2138 mea,
516 2054 628 2139 idest,
652 2054 738 2140 quod
757 2054 898 2119 liberum
915 2055 950 2119 in
966 2053 1068 2139 patri·
1088 2070 1123 2119 20

102 2144 215 2208 monio
252 2164 326 2209 meo
364 2147 415 2208 est
448 2145 482 2207 et
513 2142 599 2226 quod
634 2143 765 2226 proprie
802 2163 923 2227 meum,
965 2142 1005 2206 ad
1036 2147 1070 2208 te

101 2231 244 2298 transire
268 2231 364 2297 debet
386 2231 468 2317 lege.
512 2230 602 2315 prius
625 2231 731 2296 solvo:
767 2235 800 2296 et
828 2231 905 2316 quid
921 2231 1071 2296 'interest

102 2341 164 2406 ego
189 2320 325 2405 solvam,
350 2342 392 2384 an
414 2323 451 2385 tu
475 2319 643 2385 auferasic
688 2318 765 2385 Non
788 2317 884 2384 debet
907 2339 984 2406 ergo
1007 2320 1069 2386 tibi

100 2410 139 2495 is,
167 2410 219 2475 cui
246 2409 416 2496 pecuniam
439 2408 620 2475 credidisti:
650 2408 884 2474 multominus
909 2429 984 2494 ego,
1013 2410 1069 2494 qui

74 2498 248 2583 profecto
282 2498 407 2564 solutus
440 2519 525 2582 sum,
557 2497 586 2563 si
617 2499 701 2564 alter
732 2498 798 2563 iam
831 2498 937 2564 solvit.
990 2499 1068 2583 quid
1087 2514 1122 2562 25

101 2588 187 2652 enim
215 2586 361 2672 alioquin
388 2586 494 2653 facere
520 2608 573 2653 me
600 2585 673 2652 vis?
709 2586 839 2672 integro
868 2590 956 2652 statu
979 2587 1067 2653 debi-

100 2676 184 2741 toris
212 2676 277 2741 mei
307 2675 335 2740 si
358 2697 378 2740 a
400 2697 452 2740 me
474 2679 585 2760 petere
609 2674 794 2758 maluisses,
824 2675 865 2740 ad
887 2675 1067 2741 debitorem

100 2767 293 2850 revertere13
322 2763 351 2829 si
380 2764 507 2831 debitor
535 2762 728 2830 decessisset
754 2767 788 2829 et
815 2764 903 2830 bona
934 2763 1068 2829 eiusad

100 2851 254 2918 heredem
277 2852 511 2937 pervenissent,
539 2852 580 2918 ad
602 2851 756 2918 heredem
777 2851 927 2938 redirem,
951 2852 984 2918 id
1009 2856 1068 2936 est,

79 2978 81 2984 ·
101 2941 189 3007 bona
207 2963 416 3027 persequerer
434 2941 634 3026 patrimonii,
656 2962 717 3025 pro
737 2963 801 3026 quo
821 2961 881 3028 ego
897 2941 1064 3026 spopondi.
1085 2953 1119 3002 30

100 3029 214 3112 †idem
238 3051 272 3095 es
296 3032 403 3114 reus,†
425 3051 526 3114 aquo
545 3029 595 3094 fui
612 3029 817 3116 repetiturus,
841 3032 870 3095 si
887 3030 966 3113 quid
983 3031 1066 3092 tam-

102 3132 998 3287 {suslertururuu1.tl.⁹ruurr
1015 3131 1068 3281 lt

102 3275 235 3331 demrttes
253 3278 302 3327 ΑΒ
316 3277 325 3346 ΙΙ
341 3282 374 3329 14
392 3275 536 3344 timetBfl
552 3281 585 3330 lo
603 3292 634 3330 ιιι
652 3291 700 3330 eas
718 3275 812 3342 Alter
826 3274 978 3343 legemBll
990 3289 1068 3342 prius

103 3343 276 3472 &piatum
294 3347 344 3402 sol.
360 3346 408 3430 Ro
421 3349 430 3418 ΙΙ
444 3352 478 3401 28
498 3345 612 3401 deesset
628 3350 669 3400 Aa
682 3348 692 3417 l
706 3351 738 3400 29
757 3342 956 3415 *pervenirent
976 3348 1003 3428 ct
1024 3360 1068 3399 re-

230 3420 279 3469 ΑΒ
303 3419 312 3488 ll
335 3424 368 3472 31
388 3417 463 3473 rdem
482 3433 557 3472 esses
579 3432 644 3471 rsus
663 3416 713 3483 Gr,
732 3416 807 3470 esset
826 3413 896 3479 seu·
913 3415 1022 3471 malem:
1040 3417 1071 3470 et

103 3489 181 3544 esset
197 3504 262 3544 reus
275 3491 316 3560 la
335 3507 362 3557 q.
380 3488 478 3557 fugere
495 3487 637 3558 petiturus
654 3492 689 3558 A,
706 3503 726 3543 a
744 3503 773 3558 q.
791 3484 841 3543 suu
853 3501 920 3558 rep.
931 3491 956 3538 ἲ
1050 3554 1056 3561 ἱ
1078 3482 1140 3640 1
