2392 3862
376 235 694 292 nscmmnonas.
714 206 863 293 cocras
1016 237 1083 304 255

118 403 188 464 tum
207 399 364 480 facillime
382 399 605 484 perveniretis.
633 399 689 484 qui
707 400 781 481 sint,
802 422 917 467 omnes
935 402 1084 467 novistis.

117 489 260 572 primum
280 487 428 572 singulos
446 487 598 571 repetite:
623 487 762 553 sublatis
779 487 841 571 his,
858 511 940 574 quos
957 494 1081 555 eertum

119 578 182 641 erit
203 599 270 642 non
294 596 374 658 esse,
397 575 485 640 inter
507 576 654 641 residuos
677 597 876 660 quaeremus
908 579 1082 663 quaerendi

119 669 230 730 autem
253 664 307 729 via
330 663 411 728 haec
434 664 505 728 erit.
549 664 727 749 videamus,
749 665 828 749 qnid
849 671 1010 750 proponat
1027 689 1081 752 pe·

117 754 211 838 titor,
244 751 323 838 quid
350 753 544 836 respondeat
570 775 754 838 possessor,
786 754 838 819 vel
861 775 948 820 reus:
979 777 1020 820 ex
1042 771 1116 821 eoo

118 842 268 926 quaestio
290 841 449 942 nascitur:
472 864 513 943 ea
531 843 628 943 nobis
647 843 817 944 (statum)
836 843 1082 944 demonstrabit

119 929 413 1102 tradedi?
418 951 515 1084 ²113?
516 930 1083 1104 {rmussfflpdt‘qdidddff

120 1107 238 1172 candus
262 1111 312 1171 est
334 1111 454 1190 status,
482 1108 538 1172 sed
562 1129 602 1172 ex
624 1110 863 1191 potentissima
908 1109 1082 1174 videndum

123 1196 193 1279 erit,
217 1216 259 1261 an
281 1200 359 1280 post
383 1197 579 1262 divisionem
602 1197 683 1261 socii
705 1197 779 1262 sint
1102 1212 1136 1262 ro

430 1388 766 1456 DECLAMATIO.

184 1530 386 1599 Sociorum
408 1533 545 1598 damna
568 1537 607 1598 et
625 1533 734 1598 lucra
757 1534 972 1600 communia
989 1535 1079 1602 sint

184 1621 339 1687 Fortasse
362 1621 465 1688 videri
487 1625 597 1707 potest
618 1643 863 1706 supervacuum,
884 1623 1016 1687 laudare
1034 1624 1079 1688 le·

117 1733 200 1796 gem.
245 1733 322 1776 nam
350 1715 384 1776 et
411 1715 561 1795 apparet,
589 1710 859 1796 prudentissimos
881 1711 1022 1777 maiores
1046 1719 1079 1777 et

116 1801 348 1866 constitutores
381 1799 479 1865 huius
511 1800 656 1865 civitatis
689 1801 853 1883 sapienter
874 1821 1007 1886 rogasse
1038 1808 1079 1884 et,
1100 1815 1132 1863 15

115 1910 188 1955 oum
218 1888 280 1954 hoc
308 1890 379 1952 iure
406 1888 523 1954 civitas
552 1887 678 1953 tamdiu
705 1909 765 1954 usa
787 1889 846 1970 sit,
874 1889 941 1953 iam
965 1889 1078 1971 adpro·

117 1978 231 2042 batum
263 1981 322 2044 est.
375 1981 598 2043 verumtamen
630 1998 729 2043 causa
760 1978 874 2063 exigit,
906 1983 944 2042 ut
972 1977 1079 2061 aequi·

114 2069 217 2130 tatem
233 2087 360 2149 quoque
373 2065 457 2150 legis
472 2066 669 2130 intueamur:
681 2087 748 2132 non
765 2072 803 2131 ut
821 2088 878 2132 vos
893 2066 1079 2150 religiosius

115 2153 279 2237 iudicetis,
312 2152 370 2218 sed
398 2157 436 2218 ut
463 2159 632 2239 appareat,
664 2177 761 2240 quam
791 2154 940 2239 improbe
973 2156 1078 2219 socius

117 2263 210 2307 meus
238 2241 348 2308 faciat.
394 2243 585 2308 sociorum
617 2244 833 2309 communia
869 2244 1004 2308 damna
1041 2249 1078 2309 et
1097 2260 1132 2308 co

116 2333 226 2396 lucra
249 2331 339 2397 sint.
385 2352 477 2397 sacra
497 2353 551 2397 res
581 2336 632 2397 est
655 2333 841 2416 (societas)
864 2337 897 2397 et
921 2332 1079 2415 quaedam

114 2420 303 2485 fraternitas
333 2421 646 2505 †propositerum†
675 2422 866 2488 animorum.
912 2425 1078 2488 consortes

115 2509 201 2574 enim
238 2512 349 2593 potest
379 2509 485 2575 facere
517 2531 625 2575 casus:
662 2515 805 2576 ceterum
845 2510 974 2595 quidem
1006 2533 1078 2575 eum

115 2597 177 2663 duo
201 2598 351 2664 homines
374 2619 487 2665 omnes
506 2598 657 2664 fortunas
677 2621 752 2664 suas
771 2600 987 2683 contulerunt,
1010 2622 1077 2665 om·

113 2707 171 2751 nes
194 2707 288 2753 casus
319 2687 533 2771 miscuerunt,
560 2709 660 2752 unum
684 2688 845 2772 quoddam
869 2688 991 2754 factum
1014 2695 1076 2754 est:
1096 2704 1131 2752 25

114 2774 192 2860 quid
222 2779 272 2840 est
304 2776 437 2860 iustius,
465 2797 562 2860 quam
597 2776 814 2860 compositum
844 2778 1078 2861 patrimonium

113 2863 235 2930 habere
249 2864 514 2948 condicione<m>
526 2864 645 2930 unius?
660 2865 824 2931 societatis
836 2865 912 2952 (hoc
926 2867 1012 2931 enim
1028 2873 1079 2931 est

183 3093 286 3148 dsunt
302 3093 674 3163 Aldponataan'lquid
691 3094 741 3149 ille
758 3061 1076 3165 resp.Aflss<statdm>

110 3163 200 3232 Aerd
227 3163 432 3219 demonstravit
457 3168 478 3217 B
504 3167 515 3233 t
541 3169 576 3218 23
605 3163 766 3240 (societas)
789 3165 847 3231 Ηος
875 3176 954 3218 sacra
971 3177 1014 3216 res
1033 3163 1077 3214 est

111 3233 249 3307 <unitas>
266 3235 324 3291 Aer
344 3237 355 3304 ΙΙ
377 3240 413 3288 24
434 3235 653 3305 propinquorum
676 3236 832 3291 animorum
852 3233 901 3299 Gr,
926 3247 1015 3300 prope
1034 3248 1076 3288 sc·

114 3304 223 3360 ciorum
237 3305 395 3361 animorum
408 3305 473 3373 acc,
491 3307 595 3374 aliique
607 3308 712 3362 similia
725 3311 734 3372 11
749 3312 782 3361 26
802 3300 952 3360 contult
970 3305 1075 3373 anun.

112 3377 319 3444 quodammodo
336 3376 427 3431 fatum
446 3393 469 3432 e.
485 3375 539 3430 Set
552 3378 561 3446 u
574 3382 609 3432 26
628 3376 704 3446 quod
722 3377 813 3445 31127
834 3371 997 3454 condicione
1016 3379 1075 3441 AB,

111 3462 180 3504 corr.
197 3447 257 3574 gu
285 3446 449 3503 condicione
471 3447 554 3503 unius
578 3446 740 3503 societatis?
769 3445 823 3499 hoo
850 3460 925 3499 emm
948 3453 994 3504 etc.
1015 3448 1074 3507 edd.

114 3524 178 3576 ante
222 3535 239 3574 r
