2392 3862
349 216 665 274 DECLAMATIONES.
685 216 836 274 COGXXV.
1007 217 1072 283 277

112 383 144 447 et
176 386 250 446 ante
282 382 348 446 ista
379 381 467 446 bona
500 379 541 445 ad
574 380 669 446 deum
700 382 861 465 pertinere
888 385 1073 467 coeperunt,

112 492 208 554 quam
231 471 283 535 lex
307 471 486 535 damnaret.
518 469 600 555 vide,
624 472 781 553 quantum
804 469 934 536 recedas
958 471 999 536 ab
1023 471 1072 534 in-

109 559 244 625 tellectu
270 558 349 624 iuris
373 559 515 624 huiusce.
561 558 590 622 si
613 558 743 623 caedem
767 562 842 624 ante
866 559 1073 646 sacrilegium

110 648 343 726 commisisset,
376 652 487 713 tamen
519 669 592 712 cum
624 651 739 731 postea
768 648 874 713 caedis
901 647 1072 713 damnatus

110 741 208 820 esset,
250 737 291 802 ad
332 736 427 801 deum
467 736 575 820 potius
616 737 828 822 pertinerent.
878 758 944 801 non
986 737 1108 802 enims

110 825 281 909 prodesset
298 825 369 909 tibi,
393 825 477 910 quod
495 826 585 909 prius
604 825 712 891 caedis
731 830 861 909 tempus
881 829 976 909 esset,
994 848 1074 909 quo-

109 915 200 978 niam
223 915 276 978 lex
298 916 356 979 tua
377 937 444 980 non
467 913 509 979 ad
532 914 672 997 caedem,
696 914 752 979 sed
771 914 811 979 ad
831 915 1074 979 damnationem

109 1003 260 1086 pertinet.
309 1026 393 1069 nunc
426 1024 514 1088 vero,
547 1026 619 1068 cum
648 1004 856 1088 sacrilegium
884 1006 959 1068 ante
990 1024 1074 1067 com-

109 1091 245 1156 missum
273 1092 329 1176 sit,
362 1114 460 1177 quam
490 1091 618 1176 caedes,
649 1114 716 1157 non
744 1096 794 1158 est
817 1092 964 1176 dubium,
996 1091 1074 1175 quin

108 1180 195 1244 bona
217 1181 282 1246 ista
304 1182 419 1265 templi
444 1185 528 1245 sunt.
1094 1195 1127 1245 10

175 1269 240 1354 „At
268 1271 355 1335 enim
385 1269 566 1353 praemium
593 1269 674 1333 mihi
703 1269 845 1335 debetur.
891 1291 962 1333 meo
986 1268 1073 1334 enim

109 1357 265 1424 beneficio
290 1362 323 1423 et
342 1358 549 1442 sacrilegium
567 1358 648 1423 illud
667 1358 836 1424 inventum
855 1357 932 1424 est.“
966 1357 1073 1423 Immo
1120 1358 1125 1365 ’

109 1446 242 1510 hercule
266 1448 373 1511 etiam
388 1447 447 1511 illa
466 1446 587 1531 caedes,
609 1447 765 1512 beneficio
790 1447 901 1532 <non>
925 1453 988 1512 tuo.
1033 1466 1074 1511 ex

110 1556 174 1618 quo
199 1535 299 1599 semel
327 1557 443 1600 manus
472 1535 666 1621 inquinavit,
693 1537 858 1602 insecutae
890 1539 965 1600 sunt
994 1536 1073 1600 illae

109 1624 258 1707 protinus
281 1624 394 1710 furiae,
417 1629 453 1690 ut
475 1625 561 1690 hunc
583 1625 748 1690 hominem
770 1626 880 1709 palam
902 1625 1073 1709 occideret,
1093 1639 1127 1689 15

108 1716 145 1776 ut
158 1734 231 1778 reus
248 1713 436 1798 deferretur,
453 1718 491 1779 ut
509 1715 729 1799 damnaretur,
751 1718 789 1778 ut
802 1717 1017 1798 torqueretur,
1035 1716 1074 1777 ut

108 1801 324 1868 confiteretur.
362 1825 403 1867 an
426 1825 502 1868 vero
526 1808 563 1867 tu
586 1803 690 1887 illum,
713 1804 799 1886 quod
823 1804 1030 1885 sacrilegium
1054 1823 1074 1866 a

108 1912 142 1955 se
166 1892 376 1956 commissum
400 1913 470 1956 esse
490 1892 581 1976 dixit,
604 1891 809 1975 praestitisse
827 1891 969 1974 ignibus,
992 1910 1074 1973 quos

107 2001 167 2043 nos
192 1980 398 2063 subiecimus,
422 1982 478 2045 aut
500 1979 641 2063 flagellis
665 1979 784 2062 putas?
816 1978 901 2042 nihil
924 1978 983 2042 illa
1005 1983 1072 2042 tor·

108 2069 219 2131 menta
246 2067 288 2132 ad
311 2067 546 2132 confessionem
570 2067 732 2150 sacrilegii
754 2067 978 2150 pertinebant,
1006 2087 1073 2130 non
1092 2081 1127 2131 20

108 2155 148 2220 de
175 2155 238 2220 hoc
266 2155 488 2239 torquebatur.
533 2176 654 2219 numen
677 2159 748 2220 erat
771 2155 931 2240 profecto,
953 2176 1074 2220 numen

109 2242 200 2327 illud,
223 2244 309 2328 quod
329 2243 490 2309 subiceret
509 2243 605 2327 faces,
630 2243 715 2327 quod
734 2243 912 2309 acrioribus
932 2243 1073 2309 stimulis

110 2333 265 2418 agitaret:
285 2355 345 2398 vos
365 2332 404 2397 de
424 2333 520 2398 caede
539 2332 757 2417 torquebatis,
776 2332 832 2398 ille
847 2333 885 2397 de
900 2331 1072 2418 sacrilegio

108 2422 331 2488 confitebatur.

492 2560 688 2630 GGOXXV.
1091 2558 1126 2612 2⁸

327 2685 519 2753 Hereditas
543 2685 626 2752 fidei
649 2688 852 2788 commissa.

108 2811 235 2895 Pauper
267 2815 300 2876 et
327 2812 416 2876 dives
449 2812 547 2878 vicini
575 2816 677 2876 erant.
727 2812 863 2897 pauperi
890 2836 971 2878 uxor
999 2835 1072 2897 spe·

199 2900 296 2964 ciosa.
328 2921 439 2964 rumor
462 2905 542 2986 erat,
565 2900 741 2965 adulterari
763 2902 915 2985 pauperis
937 2923 1071 2966 uxorem

199 3010 218 3053 a
246 2986 360 3073 divite,
387 2990 516 3055 conscio
546 2989 626 3055 viro.
672 2989 797 3055 delatus
821 2990 973 3055 lenocinii
995 3011 1071 3054 reus

196 3097 320 3162 pauper
343 3080 376 3141 et
399 3078 568 3143 absolutus
593 3081 651 3143 est.
686 3077 773 3143 dives
798 3077 937 3143 decessit
953 3077 1071 3142 herede
1090 3092 1126 3140 30

179 3275 193 3323 1
214 3269 251 3324 ad
270 3268 324 3323 dffi
334 3273 370 3338 A,
389 3269 430 3324 ad·
444 3285 509 3324 eum
526 3270 547 3318 B
565 3268 576 3337 ΙΙ
593 3272 610 3322 4
629 3269 704 3340 cum]
724 3268 857 3339 quoniam
875 3268 951 3336 ΑΙΙῦ
970 3268 1070 3323 adeum

106 3343 183 3412 Aut)
203 3339 297 3395 caedis
316 3342 362 3410 Al
379 3347 410 3394 11
431 3338 503 3394 mihi
520 3354 572 3393 om.
590 3341 682 3410 31113
701 3339 836 3394 beneficio
856 3355 906 3394 suo
924 3342 981 3412 ΑΒ,
1000 3355 1071 3394 corr.

107 3408 153 3466 Ro
169 3412 181 3481 l
199 3417 234 3467 14
251 3411 374 3474 insertae
393 3415 414 3463 B
432 3412 441 3480 ΙΙ
460 3415 493 3465 21
513 3425 617 3464 nomen
632 3415 689 3479 Ae,
708 3427 758 3466 om.
778 3411 821 3479 ΒΙΙ
839 3426 942 3465 nomen
959 3415 1000 3465 Ae
1013 3411 1023 3481 ss
1036 3416 1072 3466 28

107 3484 236 3554 murtae
252 3502 284 3567 a
304 3497 426 3554 assueri
443 3498 487 3568 en
501 3502 535 3553 aa
554 3497 652 3555 aneio
671 3502 692 3550 a
713 3509 725 3524 ·
