2392 3862
117 140 179 194 XVI
488 138 705 196 PRAEFATIO.

116 312 145 366 p.
170 293 245 365 211,
272 293 312 351 12
341 284 569 351 mnfitoamiini
595 309 716 351 neeesse
743 291 785 367 Β,
820 292 1026 356 confiteamini
1052 299 1085 359 ni

204 405 266 447 neo.
289 387 314 446 P

115 540 358 614 pasus-5
523 491 543 611 ζ

298 674 304 685 .
330 675 336 687 .
361 674 367 687 .
392 673 400 687 .
446 626 533 701 dixit,
554 628 673 701 patrem
710 618 768 706 (ita
798 631 833 688 ut
856 648 948 706 supra
972 630 1082 693 distin·

149 754 154 764 ·
204 725 315 801 guendi
347 725 479 801 siguum,
509 725 578 800 post
605 720 681 782 dixit
711 724 856 801 positum,
893 727 1022 790 fortuito
1050 731 1083 790 in

554 826 572 854 ω

203 896 293 938 versu
312 877 465 954 superiore
488 876 529 934 sit
552 868 587 954 q)
610 873 810 937 B...dixit
828 878 859 936 in
876 879 1040 954 patremP

204 977 340 1052 denique,
363 976 410 1033 eui
428 974 493 1034 loco
515 972 677 1050 plurimum
699 973 799 1032 tribuo
821 974 975 1050 momenti,

115 1095 143 1150 p.
170 1076 232 1133 140
279 1118 409 1134 .....
439 1073 540 1132 fuerat
571 1075 642 1131 tuae
670 1090 772 1148 errae,
803 1074 875 1130 tuae
907 1074 1080 1135 severitatis

203 1171 386 1230 intervenire
407 1170 411 1246 Ι
432 1173 463 1230 et
476 1169 589 1247 aliquid
602 1169 701 1229 faeere
715 1169 832 1231 fortius.
869 1188 925 1247 ego
938 1171 1080 1232 fortunae

204 1269 336 1346 agendas
351 1287 417 1329 esse
431 1269 547 1345 gratias
563 1270 637 1344 puto
653 1282 674 1336 q
689 1259 693 1348 Ι
711 1267 838 1327 emissus
852 1267 960 1328 dieitur
974 1271 1030 1328 eto.
1053 1270 1078 1329 B

249 1411 288 1428 ..
312 1414 317 1426 .
348 1366 449 1425 fuerat
472 1369 542 1424 tuae
570 1383 672 1440 curae,
698 1367 769 1425 tuae
794 1365 962 1425 severitatis
984 1365 1078 1427 inter·

203 1464 306 1523 venire
326 1462 331 1535 1
352 1463 478 1522 emissus
502 1462 610 1522 dieitur
633 1467 688 1523 eto.
711 1464 743 1522 P.

183 1559 260 1630 Quid
282 1560 397 1634 igitur?
421 1559 566 1619 Mentitus
590 1562 637 1618 est
659 1559 820 1638 Ugoletus,
844 1561 881 1620 de
904 1562 989 1621 libris
1013 1580 1077 1622 eor-

115 1658 191 1715 rosis
215 1660 285 1716 ete
313 1655 472 1716 ruderibus
500 1656 584 1716 brevi
611 1658 682 1714 ante
710 1657 803 1715 erutis
832 1657 972 1717 loeutus?
1008 1659 1078 1720 Non

115 1755 227 1829 opinor.
261 1753 357 1828 Atqui
380 1753 405 1811 si
428 1752 534 1812 habuit
556 1755 689 1811 veterem
710 1750 846 1827 oodieem,
872 1774 924 1813 our
941 1775 1001 1816 non
1015 1760 1078 1817 tra-

115 1851 190 1909 didit
218 1849 337 1926 operis?
365 1847 561 1908 Describendi
589 1847 666 1924 eius,
692 1851 728 1906 ut
756 1848 922 1924 descriptus
944 1853 1022 1912 liber
1045 1856 1079 1915 in

114 1948 253 2007 manibus
280 1946 400 2006 illorum
428 1948 519 2020 esset,
553 1944 627 2004 satis
654 1943 734 2004 iusta
761 1943 839 2004 ratIo
867 1945 942 2020 fuit,
971 1947 998 2005 si
1024 1967 1079 2009 no.

113 2045 173 2106 luit
192 2044 344 2122 inquineu'
361 2045 409 2105 vel
427 2062 548 2121 pessum
567 2042 633 2103 dari
650 2042 761 2103 librum
780 2062 877 2122 suum,
895 2044 1077 2120 antiquitate

114 2145 316 2204 verecundum
334 2148 365 2204 et
382 2145 557 2220 pretiosum.
593 2143 705 2203 Verum
723 2162 761 2203 ne
778 2162 864 2202 suum
884 2143 1003 2218 quidem
1018 2144 1077 2203 sibi

114 2241 255 2300 habuisse
268 2243 463 2301 indicaverim
476 2241 569 2299 istum
582 2241 702 2314 librum,
714 2243 885 2299 mutuatum
894 2241 994 2314 potius
1009 2259 1075 2300 esse

115 2355 151 2394 ex
179 2337 304 2396 Senensi
331 2336 520 2396 bibliotheca.
565 2336 626 2409 Ita,
659 2333 684 2391 si
710 2333 878 2407 probabilia
905 2335 978 2396 haee
1007 2355 1075 2396 oon-

114 2433 185 2511 ioio,
209 2453 269 2493 uon
291 2433 390 2509 potuit
417 2433 482 2508 ipse
510 2431 562 2490 ille
593 2431 732 2489 vetustus
762 2431 865 2510 codex,
897 2445 985 2509 quem
1008 2435 1074 2494 red-

113 2531 184 2591 dere
207 2531 337 2591 debebat
357 2530 577 2604 incorruptum,
601 2529 633 2588 in
657 2528 806 2589 officinam
829 2531 955 2607 demitti,
977 2553 1074 2610 neque

113 2631 215 2689 tamen
235 2627 375 2688 inmerito
394 2627 481 2686 ilium
499 2624 647 2702 Ugoletus
670 2627 827 2704 descripsit
846 2633 881 2688 ut
898 2630 1074 2689 fundamen-

113 2726 179 2784 tum
204 2745 275 2786 suae
299 2723 446 2786 editionis.

201 2823 379 2882 Firmaudae
407 2820 594 2892 coniecturae
622 2824 736 2884 secedit
762 2826 851 2901 illud,
880 2825 960 2901 quod
986 2824 1073 2880 neB

114 2921 234 2996 quidem
260 2921 351 2994 liber,
381 2918 459 2978 unde
482 2921 555 2978 nata
577 2921 625 2979 est
650 2921 713 2981 sine
736 2923 826 2981 dubio
849 2917 1018 2979 Parmensis
1043 2914 1073 2970 et

114 3037 203 3093 quem
220 3016 405 3078 intercedere
423 3016 520 3076 iudico
538 3016 618 3076 intra
636 3018 721 3079 illam
739 3021 770 3078 et
787 3017 940 3078 vetustum
959 3009 996 3067 de
1014 3029 1071 3085 quo

113 3113 261 3192 Ugoletus
290 3113 383 3174 rerba
410 3115 483 3173 feeit
510 3116 675 3192 exemplar,
706 3116 772 3192 ipse
798 3111 858 3171 fuit
884 3108 916 3166 in
943 3106 1071 3168 officina:

112 3213 196 3272 nulla
219 3215 282 3273 eius
305 3213 397 3271 habet
419 3212 549 3290 vestigia
573 3216 612 3289 et,
636 3213 716 3289 quod
733 3206 856 3285 gravius
875 3205 929 3278 est,
952 3205 1073 3267 distino-

112 3310 209 3371 tiones
230 3328 373 3371 versuum
396 3312 428 3370 et
445 3310 649 3370 membrorum
668 3306 786 3383 saepius
805 3302 975 3379 discrepant
992 3305 1071 3366 inter

112 3407 138 3465 B
166 3412 197 3468 et
219 3408 256 3487 P,
284 3425 380 3484 neque
408 3407 515 3467 literae
541 3407 685 3483 ospitales
713 3401 826 3463 eisdem
854 3419 971 3479 semper
997 3403 1071 3464 loeis
