2370 3862
100 242 164 307 102
465 240 694 308 QUINTILIANI

187 408 389 488 compertum
403 407 463 488 est,
477 403 555 488 quid
570 402 748 469 accidisset.
772 405 941 468 accusatur
955 406 1058 487 pater,

187 494 272 579 quod
296 514 393 558 causa
416 493 532 558 mortis
555 491 663 558 fuerit.

488 736 665 809 SERMO..

165 881 284 947 Facilis
312 880 402 946 etin
424 883 579 964 promptu
601 880 687 944 ratio
707 883 757 944 est
775 879 851 945 huic
869 881 948 961 seni,
973 882 1058 965 quod

64 985 80 1035 t
99 971 239 1054 pertinet
264 969 304 1034 ad
327 966 490 1034 adfectum
516 967 777 1051 [paenitentiae]‚
811 968 895 1052 quod
918 968 1060 1051 pertinet

99 1059 139 1123 ad
167 1058 373 1142 aequitatem.
415 1054 480 1121 nisi
506 1060 617 1121 tamen
642 1056 743 1121 etiam
770 1056 840 1121 iure
868 1056 1058 1141 defenditur,

97 1146 270 1212 verendum
298 1145 374 1229 crit,
405 1167 446 1210 ne
473 1145 565 1209 sslum
593 1141 724 1210 flentem
751 1144 872 1210 iudices
897 1144 1059 1211 damnent.

98 1234 270 1320 diligenter
293 1254 371 1319 ergo
394 1253 538 1318 pugnare
561 1234 646 1298 circa
664 1234 770 1318 legem
789 1232 986 1298 debebimus.
1025 1239 1059 1299 et

99 1345 177 1388 sane
201 1323 381 1407 asperiores
404 1323 439 1387 in
457 1321 678 1387 controversia
696 1326 806 1407 partes
824 1321 964 1387 fortasse
979 1324 1059 1387 recti

47 1411 541 1499 10'declamatorisrelinquant.
566 1409 683 1475 divisio
701 1431 803 1495 paene
817 1409 880 1476 hoc
892 1411 1059 1495 proprium

97 1496 211 1581 habet,
239 1499 409 1564 ostendere
433 1521 508 1564 ossa
531 1501 564 1563 et
586 1520 702 1564 nervos
726 1498 982 1564 controversiae:
1016 1504 1059 1583 et,

98 1587 274 1653 secundum
301 1609 409 1652 meum
438 1587 566 1672 quidem
590 1586 757 1669 iudicium,
785 1588 871 1652 idem
894 1591 1059 1670 praestare

98 1676 291 1742 declamatio
314 1675 420 1742 debet.
464 1697 541 1740 nam
563 1674 632 1740 sine
651 1675 712 1757 his,
734 1675 774 1741 de
793 1676 910 1760 quibus
928 1676 1059 1742 locutus

99 1787 181 1849 sum,
204 1787 279 1830 caro
303 1765 455 1850 ipseper
480 1786 514 1828 se
537 1763 615 1849 quid
638 1764 682 1829 sit
704 1764 922 1850 intellegitis.
945 1764 1001 1831 sed
1024 1765 1061 1829 in

47 1867 80 1918 15
100 1852 334 1928 declamatione
357 1852 525 1919 vestienda
547 1856 622 1918 sunt
639 1852 728 1936 haec,
750 1857 788 1918 ut
807 1876 846 1919 ex
864 1853 957 1940 †illis
976 1853 1061 1918 inte-

98 1943 232 2023 riores†
261 1941 346 2007 vires
375 1940 528 2008 habeant.
570 1941 722 2007 finiamus
746 1962 824 2027 ergo
847 1963 979 2008 neccsse
1002 1946 1061 2026 est,

97 2031 176 2115 quid
199 2032 243 2097 sit
266 2053 364 2096 causa
386 2030 510 2097 mortis.
551 2033 623 2095 tota
646 2030 731 2096 enim
755 2031 796 2095 lis
820 2033 854 2095 et
877 2052 971 2095 omne
995 2030 1061 2096 dis-

96 2119 219 2185 crimen
247 2120 485 2186 controversiae
513 2118 548 2182 in
574 2118 637 2185 hoc
659 2118 803 2202 positum
827 2122 886 2185 est
931 2120 1061 2184 namsi

99 2207 140 2272 ad
167 2207 349 2273 finitionem
375 2209 479 2292 partis
503 2207 656 2272 adversae
680 2207 875 2286 accedimuS,
902 2210 940 2271 ut
963 2229 1061 2273 causa

45 2311 79 2360 20
98 2296 213 2360 mortis
244 2297 299 2380 sit,
332 2297 386 2381 qui
418 2295 566 2360 attulerit
598 2317 729 2360 causam
765 2297 860 2362 alicui
888 2295 1060 2380 moriendi,

97 2404 156 2467 per
185 2405 280 2467 quem
307 2383 429 2448 factum
461 2383 517 2465 sit,
547 2386 585 2448 ut
607 2383 725 2467 aliquis
748 2386 940 2450 moreretur:
968 2385 1060 2450 nullo

97 2470 194 2535 modo
218 2471 387 2536 defendere
409 2494 470 2539 nos
489 2493 671 2556 possumus.
705 2495 809 2558 neque
828 2473 914 2538 enim
933 2473 1061 2539 dubita·

97 2559 197 2643 bitur,
219 2560 297 2644 quin
319 2581 377 2644 per
399 2560 487 2625 hunc
509 2559 633 2626 factum
656 2560 708 2640 sit,
731 2565 769 2626 ut
791 2560 848 2626 ille
871 2565 1060 2645 moreretur,

169 2809 183 2857 1
200 2805 276 2871 quod
286 2808 366 2873 Arc,
381 2819 450 2860 corr.
460 2804 504 2859 Ro
517 2806 527 2874 ll
541 2805 691 2861 occidisset
704 2810 733 2874 B,
748 2805 939 2861 accessissetc
952 2808 962 2875 ΙΙ
977 2821 1058 2860 accu-

98 2875 201 2929 satore
214 2877 223 2944 ΙΙ
237 2880 253 2929 6
265 2874 395 2930 effectum
404 2880 449 2929 Bc
463 2878 472 2947 ΙΙ
486 2876 722 2957 *[paenitentiae]
733 2874 1060 2949 affectum3<im>paeui

97 2945 203 3000 tentiae
218 2945 272 3012 Ro,
286 2947 413 3013 adferens
447 2951 612 3016 ,108,1osq.
626 2949 636 3016 l
651 2953 666 3002 7
681 2950 736 3002 ent
749 2964 799 3002 om.
809 2952 854 3000 Bc
867 2949 876 3017 l
891 2954 906 3002 9
918 2947 1060 3016 asperiore

97 3016 141 3071 usi
160 3018 246 3073 contr.
266 3021 286 3070 B
300 3017 310 3086 ΙΙ
323 3019 398 3072 recte
420 2963 623 3073 declamatores
641 3022 684 3071 Bc
698 3019 708 3086 [Ι
723 3025 756 3073 10
774 3035 882 3088 poenae
896 3022 967 3070 Arc
982 3021 991 3087 ΙΙ
1004 3018 1060 3087 pri·

97 3105 175 3142 mum
194 3093 229 3141 οι
242 3089 252 3158 ll
267 3094 299 3142 12
319 3087 472 3143 secundum
490 3089 519 3142 et
537 3105 573 3144 m.
592 3092 664 3141 ABG
677 3088 686 3157 ll
702 3095 735 3144 15
748 3091 879 3156 fortasse:
897 3088 945 3143 *ut
959 3088 1060 3143 exinde

98 3157 266 3230 integriores
289 3176 314 3214 v.
335 3160 362 3213 h.
385 3160 426 3213 cel
448 3161 480 3213 ut
503 3175 537 3213 ex
555 3157 612 3214 illis
630 3159 752 3214 inductis
770 3159 909 3228 ‘interiora
927 3178 952 3213 v.
972 3160 999 3213 h.
1019 3160 1062 3214 cel
1116 3184 1121 3194 ·

96 3231 179 3284 etiam
197 3231 230 3283 ut
248 3247 282 3285 ex
299 3228 421 3284 inductis
441 3228 570 3285 decorem
590 3232 619 3285 et
636 3248 662 3284 v.
681 3229 708 3286 h.
735 3231 770 3297 cf.
790 3231 908 3301 Quintil.
928 3232 1000 3286 luet.
1020 3246 1059 3285 or.

98 3315 159 3353 cum
178 3301 247 3356 mua
265 3303 335 3357 locos
357 3306 415 3355 tum
440 3299 472 3366 V,
485 3304 504 3355 8
509 3340 518 3368 ,
533 3305 552 3356 2
576 3301 656 3370 atqui
674 3300 905 3357 cetera..nervis
923 3301 980 3355 illis
999 3301 1061 3370 qui·

97 3368 149 3425 bns
174 3387 257 3426 causa
280 3370 438 3427 continetur
461 3373 530 3440 (scil.
554 3371 777 3443 probationibus)
804 3372 930 3428 adiciunt
952 3371 1061 3427 inducti

99 3456 183 3509 snper
202 3442 325 3511 corporis
344 3442 466 3512 speciem
479 3443 489 3511 ll
503 3448 537 3498 20
555 3443 623 3512 quid
641 3447 670 3512 B,
690 3442 850 3513 quicquidc
864 3445 873 3514 Ι
888 3459 974 3499 causa
991 3441 1061 3497 mali

96 3512 144 3565 cui
161 3512 204 3579 ΒΗ
219 3517 252 3564 22
272 3512 418 3568 dubitatur
436 3518 456 3568 Ι
