2370 3862
160 227 252 282 XVIII
533 225 749 282 PRAEFATIO.

159 379 343 456 descriptum
365 397 439 440 esse.
478 377 569 437 Cuius
592 377 688 454 ipsius
711 377 776 436 fata
796 377 881 437 ultra
903 378 1043 454 persequi
1064 397 1126 438 non

158 496 329 554 possumus.
808 477 812 483 ’

227 576 327 636 Minus
351 576 434 634 certa
457 575 494 634 de
517 573 671 635 veteribus
690 572 842 632 codicibus
859 572 1034 633 testimonia
1052 573 1126 633 hacc

159 673 317 733 accedunt:
342 672 461 731 Ulricus
480 670 635 731 Fabricius
657 661 909 750 (1489-1526)
927 669 959 728 iu
976 670 1125 729 librorum

162 788 284 829 suorum
302 769 431 829 tabellas
454 769 601 829 retulerat
624 769 763 845 „centum
782 766 960 836 Quintiliani
978 767 1126 827 declama·

157 863 285 942 tiones“,
301 886 379 944 quae
397 870 500 926 tamen
516 869 586 942 post
603 867 732 924 mortem
751 865 815 925 eius
831 865 1125 942 aperecrutuntibus

158 965 372 1026 bibliothecam
395 983 456 1024 non
473 966 611 1039 repertae
632 966 710 1039 sunt,
729 965 764 1022 ut
787 964 959 1023 auctorest
982 963 1124 1024 Justiuus

159 1062 285 1139 Gobler,
313 1062 364 1137 qui
390 1079 566 1137 processum
592 1060 675 1120 illius
704 1059 762 1120 viri
790 1055 981 1121 iudiciarium
1009 1062 1125 1137 primus

159 1160 315 1236 evulgavit
338 1150 431 1240 (anno
457 1150 611 1239 1541).*)

246 1264 324 1323 Tum
346 1265 386 1324 Jo
408 1263 480 1325 Alb.
504 1263 660 1324 Fabricius
688 1266 719 1323 in
742 1264 924 1324 bibliotheca
948 1264 1059 1325 Latina
1082 1264 1123 1324 II.

157 1383 186 1439 p.
211 1364 272 1422 321
303 1353 457 1443 (editionis
481 1352 673 1441 anni1773)
699 1362 773 1422 haec
801 1362 902 1438 prodit
929 1362 1039 1439 „etiam
1069 1361 1124 1432 Qu.

157 1460 271 1519 Murius
292 1457 442 1519 Corradus
461 1458 514 1520 lib.
527 1458 550 1519 I.
570 1457 657 1534 epist.
682 1461 711 1518 9.
730 1458 906 1529 Quintiliani
932 1460 1124 1521 declamatio-

157 1575 210 1616 nes
232 1558 294 1616 136
319 1574 501 1632 mcmorans,
535 1574 610 1632 quas
639 1574 694 1615 sua
715 1574 806 1615 manu
829 1556 1029 1632 descripserat
1052 1561 1082 1616 et
1105 1577 1143 1629 a=

158 1672 191 1712 ee
214 1653 388 1713 emendatae
416 1671 435 1712 a
458 1651 592 1729 Gryphio
616 1653 738 1713 volebat
761 1653 865 1713 excudi
888 1699 894 1712 .
919 1697 926 1712 .
951 1699 957 1714 .
997 1654 1124 1714 Praeter

157 1749 322 1827 principem
345 1753 447 1810 autem
476 1750 637 1810 editionem
666 1750 860 1809 Parmensem
887 1768 977 1809 usum
1000 1769 1032 1810 se
1057 1770 1123 1810 esse

159 1850 292 1907 testatur
315 1847 432 1907 duobus
456 1846 605 1906 codicibus
629 1863 699 1905 mss.
724 1847 776 1908 lib.
799 1846 815 1904 Ι
838 1847 924 1922 epist.
944 1846 1012 1906 11.‘⁴
1046 1846 1123 1917 Quo-

156 1965 224 2004 rum
260 1946 344 2022 prior
378 1963 449 2022 pars
486 1948 573 2005 extra
605 1944 839 2005 controversiam
872 1947 930 2016 est,
969 1945 1020 2003 sed
1053 1946 1122 2019 plus

158 2061 248 2119 quam
271 2042 395 2103 dubium
417 2042 504 2118 mihi,
533 2061 606 2102 uum
629 2045 710 2103 recte
732 2042 949 2118 interpretetus
973 2041 1023 2116 sit,
1046 2060 1123 2117 quae

158 2139 308 2200 Corradus
341 2140 413 2199 dIcit
441 2139 478 2198 de
504 2139 639 2199 fontibus
672 2140 743 2200 sule.
796 2140 930 2215 Excerpe
964 2139 1122 2214 epistolem

158 2232 315 2317 (scriptam
338 2238 463 2313 Romae,
487 2239 592 2296 eodem
620 2240 656 2295 ut
684 2237 803 2296 videtur
826 2256 921 2309 anuo,
949 2255 1006 2313 quo
1035 2256 1121 2312 none,

161 2329 261 2413 1547)
285 2338 316 2392 et
338 2335 436 2408 prima
459 2334 523 2392 eius
545 2333 639 2393 verba
662 2334 787 2409 adpone.
826 2333 1024 2411 „Sebastiano
1046 2332 1121 2408 Gry·

156 2432 241 2507 phio,
269 2430 459 2507 Lugdunum.
506 2430 746 2490 Declamationes
770 2431 809 2490 ad
836 2433 868 2491 te
896 2433 977 2506 miei,
1003 2435 1122 2491 tautum

157 2520 207 2608 (ut
235 2519 334 2605 spero)
361 2545 421 2586 non
448 2526 659 2588 mendosiores.
696 2528 793 2588 Ilrent
821 2529 900 2588 enim
933 2530 1122 2605 scriptura

157 2625 276 2684 omnino
301 2625 669 2685 contaminatissima.
716 2624 863 2685 Adhibita
891 2630 937 2685 est
966 2645 984 2686 a
1007 2645 1055 2685 me
1078 2626 1121 2684 di·

156 2721 298 2799 ligentia,
325 2723 438 2797 quanta
460 2722 590 2781 maxima
612 2723 728 2798 potuit:
755 2725 807 2783 sed
837 2725 949 2784 Romae
977 2724 1121 2805 antiqui

156 2820 245 2880 libri
271 2838 340 2879 non
368 2823 487 2896 erant,
515 2820 624 2896 quibus
653 2840 689 2880 ea
706 2821 737 2878 iu
760 2840 794 2880 re
817 2821 862 2880 uti
884 2839 1003 2896 possem
1026 2839 1061 2879 ac
1083 2840 1120 2879 ne

156 2917 227 2977 novi
241 2917 369 2992 quidem,
386 2919 507 2992 praeter
522 2934 625 2991 unum,
645 2918 697 2994 qui
710 2936 802 2994 puero
821 2917 896 2976 mihi
908 2918 1036 2994 Neapoli
1055 2921 1122 2977 erat

156 3015 283 3091 missus3
314 3017 345 3072 et
372 3014 583 3077 alterum...
619 3015 676 3075 Hic
700 3020 747 3075 est
764 3060 799 3077 ..
827 3015 1023 3092 impressione
1049 3014 1122 3073 Per-

157 3117 372 3126 ———

227 3149 254 3216 *)
274 3146 368 3201 Verba
385 3147 416 3201 in
434 3147 556 3216 epistola
575 3149 694 3204 editioni
714 3149 870 3220 praemissa
884 3149 954 3204 haec
973 3149 1053 3202 sunt:
1073 3148 1121 3216 „in

160 3218 262 3273 ultima
280 3218 331 3274 illa
349 3219 383 3272 ad
400 3216 547 3274 Caesarem
563 3218 703 3289 (Carolum
724 3223 772 3287 sc.)
788 3221 818 3275 in
832 3220 999 3289 Hispaniam
1013 3222 1121 3288 profec-

159 3291 245 3358 tione,
259 3287 289 3342 in
304 3305 360 3358 qua
373 3288 513 3359 occubuit,
529 3291 666 3359 quosdam
683 3292 803 3358 (codices
814 3295 863 3360 sc.)
879 3307 973 3345 aecum
988 3289 1122 3344 extulisse

163 3363 212 3414 aut
230 3359 338 3429 elloqui
357 3360 483 3415 sublatos
502 3377 563 3415 esse
581 3359 734 3415 verisimile
753 3362 804 3428 eat,
823 3378 893 3431 quos
911 3362 969 3416 iam
987 3361 1121 3415 frustras

160 3446 210 3484 suo
230 3431 416 3500 chirographo
435 3431 639 3486 desideramus:
663 3435 696 3486 ut
715 3435 779 3486 sunt
797 3431 872 3488 inter
890 3434 1042 3489 cetera...
1058 3447 1121 3485 cen-

160 3504 222 3556 turn
241 3501 460 3558 declamationes
478 3501 561 3557 Fabii
579 3500 767 3566 Quintiliani.
784 3544 790 3556 .
805 3508 830 3558 .“
