2392 3862
91 201 112 264 6
450 200 676 267 QUINTILIANI

91 364 254 447 accepisti.
299 363 412 447 Itaque
441 368 473 428 ei
503 364 584 429 alias
608 386 735 449 quoque
759 364 963 430 condiciones
987 363 1058 430 fm-

91 453 223 538 gelitati
241 456 317 517 tuae
335 453 429 536 ponit
448 453 569 517 amicus
587 458 756 537 paternus:
780 454 808 518 si
826 453 955 536 vixeris,
975 475 1057 538 quo·

91 541 187 606 modo
211 540 329 606 videris
353 541 479 625 fecisse,
516 541 544 605 si
566 542 698 607 tenendi
721 542 830 626 potius
853 541 1057 626 patrimonii,

91 652 189 714 quam
204 630 370 695 auferendi
388 630 539 695 habueris
559 652 678 715 euram,
696 634 747 696 est
765 630 870 696 adhue
888 630 976 715 quod
990 631 1056 696 tibi

55 718 196 803 5p0ssit
222 719 363 784 tribuere
391 719 626 804 patrimonium
654 721 840 803 paternum,
868 718 925 784 sed
948 719 1057 787 adhue

91 806 192 872 habet
215 831 315 874 suum.

478 981 662 1051 OOXLVI.

292 1104 488 1190 soporatus
511 1106 623 1174 fortis
647 1108 849 1191 privignus.

91 1248 152 1325 Qui
179 1249 309 1314 fortiter
335 1249 469 1329 fecerat,
496 1250 583 1315 bello
611 1252 802 1315 imminente
831 1272 981 1334 soporem
1012 1252 1056 1317 ab

37 1354 70 1402 10
177 1361 318 1404 noverea
350 1338 530 1404 subiectum
562 1339 656 1404 bibit.
703 1361 834 1404 oausam
857 1339 940 1404 dixit
968 1343 1056 1405 tam·

178 1450 283 1579 quani
305 1428 462 1530 desertor.
512 1427 682 1493 absolutus
715 1431 845 1494 accusat
876 1449 1056 1494 novercam

179 1538 259 1581 vene
284 1539 334 1581 en.

400 1655 737 1725 DECLAMATIO.

156 1780 305 1865 Etiamsi,
327 1781 458 1865 iudiees,
482 1785 615 1847 eventus
638 1782 804 1869 proximae
828 1802 944 1847 eausao
968 1782 1056 1849 satis

37 1887 70 1934 15
90 1869 190 1935 videri
222 1874 331 1954 potest
362 1871 460 1934 etiam
490 1870 525 1935 in
554 1870 637 1935 hano
666 1891 792 1956 quoque
811 1871 1055 1955 pronuntiasse,

88 1959 230 2043 primum
245 1963 355 2025 tamen
368 1959 491 2024 doloris
510 1958 576 2024 mei
589 1959 826 2043 professionem
845 1958 1056 2024 dissimulare

87 2071 153 2113 non
176 2071 324 2134 possum,
361 2048 447 2133 quod
483 2069 656 2113 novercam
692 2051 769 2113 ante
802 2068 953 2113 aeeusure
985 2069 1057 2113 non

87 2138 188 2222 potui.
213 2137 313 2205 debeo
329 2137 460 2223 quidem
474 2137 643 2203 sententiis
657 2135 799 2201 iudicum
814 2136 938 2218 omnia3
952 2135 1055 2202 homo

87 2232 207 2311 tamen,
230 2228 458 2310 gravissimam
476 2225 630 2291 iniuriam
649 2247 775 2310 passus,
798 2223 904 2290 adhue
921 2227 1055 2290 tantum

34 2331 69 2379 20
89 2315 260 2379 absolutus
294 2338 375 2380 sum.
419 2313 544 2378 Verum
573 2335 626 2378 me
650 2314 797 2398 quamvis
820 2313 994 2398 praecipue
1017 2312 1056 2378 in

90 2403 153 2467 hoe
175 2403 331 2467 iudicium
354 2406 432 2487 agat
454 2401 536 2466 ultio
559 2402 666 2480 †talis
688 2402 771 2467 illud
794 2401 1057 2487 0011οω10001,-

90 2491 197 2556 eulum
217 2491 318 2555 fallit:
337 2490 433 2555 hodie
453 2491 669 2576 constituetis,
688 2514 731 2556 an
749 2490 867 2556 merito
882 2491 1056 2556 absolutus

91 2581 161 2645 sim.
189 2580 277 2644 inter
305 2602 431 2646 summa
454 2579 641 2645 discrimina
663 2579 876 2664 reipublicae
899 2601 966 2644 non
990 2579 1057 2644 fuit

90 2689 251 2733 venenum
281 2718 1048 2735 ..................

37 2773 71 2822 25
98 2808 416 2823 ........
448 2779 509 2843 ego
532 2758 668 2823 deserui.
715 2755 851 2842 Siquid
877 2760 987 2821 autem
1012 2756 1055 2821 ad

21 2857 23 2860 ’
90 2847 174 2912 hane
211 2847 462 2931 praeteritorum
493 2846 753 2931 indignationem
791 2845 917 2910 adiuero
953 2845 1057 2910 etiam

89 2936 195 3000 forma
203 2937 263 3017 [m]
295 2936 433 3020 ipsa[m]
466 2935 577 3000 iudicii
608 2938 731 3020 potest:
764 2933 845 3000 illud
878 2937 965 2999 eerte
995 2938 1057 3018 est,

92 3027 177 3110 quod
200 3025 292 3091 nulla
315 3026 421 3109 possit
443 3025 584 3090 tolerare
607 3023 780 3109 patientia,
805 3022 890 3107 quod
914 3044 949 3087 se
972 3022 1058 3088 mihi

90 3114 258 3181 contendit
293 3135 434 3180 noverea
465 3113 658 3178 beneficium
691 3112 823 3178 dedisse.
870 3134 928 3177 vos
957 3112 1058 3176 aesti-

43 3214 72 3267 10
90 3205 235 3288 mabitis,
255 3203 333 3287 quid
351 3204 389 3268 de
408 3224 549 3286 persona
568 3202 630 3267 hae
650 3201 812 3266 sentiatis:
834 3221 901 3265 non
917 3199 1059 3265 'fecisset

161 3351 176 3398 3
196 3344 321 3414 coepisse
337 3343 373 3414 (ἓ)
388 3343 455 3414 11011
475 3350 508 3397 21
528 3361 566 3398 au
584 3343 686 3410 *ultio
705 3344 801 3396 tamen
818 3357 854 3396 ne
872 3339 914 3395 ill.
934 3339 969 3408 (?)
991 3341 1000 3409 t
1021 3347 1058 3396 22

91 3414 171 3469 *abu
191 3415 244 3469 sim
261 3414 336 3470 inter
354 3433 374 3468 s.
396 3415 423 3468 d.
442 3413 483 3468 rei
500 3414 639 3484 publicae.
668 3429 742 3483 „non
760 3413 779 3467 f.
798 3412 817 3468 i.
836 3409 965 3482 ven“(?)
988 3412 998 3481 fl
1023 3417 1059 3467 25

88 3485 153 3556 quis
172 3490 203 3554 Δ,
223 3502 291 3541 corr.
311 3485 348 3540 Pi
361 3487 370 3553 ΙΙ
384 3491 417 3540 2‘1
438 3483 602 3558 *forma[m]
622 3483 741 3556 ipsa[m]
903 3536 906 3541 ,
928 3535 933 3543 ,
1061 3544 1066 3549 ,
