2392 3862
298 220 618 278 DECLAMATIONES.
638 223 880 280 cccnxxxvln.
1011 227 1077 292 439

117 383 205 469 quod
227 383 311 467 huie,
335 385 436 449 etiem
458 384 526 450 filio
549 384 712 451 subduxit.
740 390 773 450 et
790 385 918 452 facilius
938 391 988 453 est
1006 389 1077 454 viro

116 474 253 558 plaeere,
277 494 375 556 quem
399 473 540 539 domino.
568 471 649 557 „sed
673 495 730 558 pro
750 497 784 540 se
802 476 958 541 mentitus
977 497 1076 562 egne-

118 560 180 627 seit
208 560 414 645 patronum.¹‘
460 559 656 627 Servitutem
684 563 749 629 sibi
776 565 993 630 manumissus
1028 565 1077 629 in-

116 649 219 734 ponit
270 649 382 734 »huie,
404 649 524 734 inquit,
548 649 647 716 debeo
670 671 800 737 manus,
825 673 954 738 operes,
976 655 1076 718 teste·

116 741 296 803 mentumis:
319 738 497 804 vindictam
519 757 639 823 magno
662 739 822 806 redimere
845 741 960 807 solent.
983 739 1111 826 „Uol-s

114 826 209 910 ludit,
231 827 351 911 inquit,
374 848 447 892 eum
470 825 572 892 avia.“
611 827 701 893 Bene
725 829 810 914 egis:
833 829 909 894 dum
932 833 1076 894 evertere

117 915 167 979 vis
190 917 319 999 testem,
342 916 481 980 alterum
504 915 629 980 dedisti
658 916 838 1001 „convenit
852 918 965 1002 inquit,
979 916 1076 982 illis.“

114 1003 218 1087 probe
237 1004 434 1069 convenisse.
458 1009 669 1087 speraverunt
688 1005 839 1071 effectum
857 1005 1075 1071 mendacii-z

114 1092 173 1175 qui
194 1093 303 1175 potuit
326 1113 397 1157 esse
421 1092 551 1158 sermo?
591 1113 716 1178 >nepos
738 1116 830 1159 meus
853 1094 951 1178 periit
972 1094 1075 1159 flueti-

114 1183 174 1245 bus
199 1184 232 1245 et
255 1181 402 1265 sepultus
425 1184 483 1246 est.
510 1184 681 1246 tutamen
703 1182 794 1265 vade,
818 1183 959 1267 ediquem
977 1199 1128 1248 vene-10

114 1267 180 1332 lem
199 1267 312 1353 eddue,
336 1289 397 1352 ego
420 1289 622 1354 agnoscam«
666 1270 844 1354 perfeetum
864 1274 913 1336 est
929 1293 985 1337 -ε
1007 1292 1074 1336 non

113 1355 233 1422 timent
270 1357 489 1442 deprehendi?
556 1378 624 1423 non
660 1360 770 1424 omnia
808 1360 903 1444 signe
939 1359 1074 1424 confuse

114 1449 201 1511 sunt.
237 1445 267 1510 si
290 1446 366 1530 odit,
389 1448 622 1511 testamentum
642 1446 753 1532 potius
777 1447 960 1513 dementiae
983 1469 1073 1513 aceu-

113 1537 178 1598 set:
201 1533 288 1600 dicet
306 1534 499 1618 subiectum,
523 1535 611 1600 dieat
626 1535 764 1619 falsum3
787 1539 918 1602 seeuset
930 1539 973 1616 te,
987 1535 1074 1619 quod

113 1621 216 1686 filium
245 1622 286 1687 ed
314 1645 403 1688 mere
426 1623 571 1710 duxeris3
607 1623 711 1707 dieat,
741 1627 799 1690 tua
822 1625 919 1708 eulpa
940 1625 1126 1708 perissent

112 1731 214 1793 quere
232 1710 347 1775 deinde
365 1715 435 1777 tam
455 1733 537 1795 sero,
555 1714 758 1796 postumus,
772 1713 943 1778 eonsilium
956 1712 1074 1778 initum

113 1801 164 1863 est
187 1799 367 1865 eiusmodi?
397 1821 449 1864 res
472 1800 559 1864 inter
580 1799 675 1865 initia
697 1804 797 1864 urunt
820 1804 854 1864 et
875 1801 960 1866 livor
982 1822 1073 1866 more

113 1887 257 1964 solvitur.
277 1887 333 1952 sed
347 1888 388 1952 ed
399 1887 462 1954 hoe
475 1887 706 1972 proficiscitur:
721 1888 919 1971 quaeratione
930 1887 1073 1952 alienum

112 1996 243 2040 servum
257 1975 399 2040 evincit?
426 1974 523 2040 Modo
548 1975 704 2059 dicebam,
726 1976 882 2041 libertum
899 1975 1015 2059 heheu,
1038 1979 1073 2040 et

110 2063 178 2128 iem
196 2062 428 2147 praeiudicium
442 2062 561 2129 habeo:
576 2063 605 2128 si
618 2064 711 2128 testis
725 2063 894 2128 honestior
908 2064 1072 2147 iuraverit,
1090 2079 1126 2128 20

110 2150 282 2217 conficitur
296 2152 528 2216 controversie:
549 2154 583 2216 et
597 2171 659 2236 ego
673 2153 794 2218 multos
808 2152 930 2217 iudices
948 2153 1072 2217 iuratos

112 2238 213 2305 debe:
235 2260 334 2304 eausa
352 2240 492 2323 cognite,
510 2261 646 2305 excusse
663 2243 698 2304 et
720 2240 871 2305 absolute
894 2243 952 2305 est.
987 2259 1071 2324 nego

111 2327 267 2393 solvende
281 2350 352 2393 esse
366 2328 497 2394 iudicia:
512 2328 597 2393 hune
612 2349 683 2393 esse
691 2349 838 2413 puerum,
851 2327 976 2393 inventi
987 2331 1073 2413 sunt,

112 2417 170 2500 qui
187 2417 342 2484 iurarent.
367 2415 554 2502 „peregre“,
572 2416 689 2500 inquit.
724 2417 802 2501 illie,
821 2417 910 2501 dieis,
929 2416 986 2482 ubi
1005 2437 1072 2481 non

111 2505 233 2590 gretie,
262 2506 350 2589 <non
378 2524 492 2590 genus,
519 2527 587 2571 non
609 2505 776 2590 divitiae>
798 2506 855 2572 ubi
882 2505 965 2570 eitra
990 2505 1071 2571 haee
1090 2520 1126 2570 25

112 2594 222 2658 emnia
240 2594 326 2659 nude
344 2595 466 2660 veritas
485 2594 603 2660 stabat
633 2593 696 2659 hoe
714 2615 823 2659 meum
843 2597 1071 2678 argumentum
1133 2626 1136 2632 ¹

112 2684 173 2765 est,
198 2683 301 2766 [quid]
325 2683 412 2768 quod
438 2704 505 2748 non
527 2686 657 2748 tentum
679 2682 869 2766 iudicatum,
893 2682 948 2748 sed
972 2683 1071 2748 etiem

111 2790 248 2871 penegre
270 2769 450 2837 iudicatum
473 2775 535 2854 est,
558 2770 617 2836 ubi
638 2791 713 2872 non,
726 2771 916 2856 propinqui,
939 2771 995 2836 ubi
1018 2771 1072 2835 vix

110 2858 908 3031 dedistismihiduddi
931 2859 1070 3012 tiit
1089 2963 1125 3012 30

185 3144 200 3192 1
219 3140 263 3192 est
280 3141 361 3193 enen
375 3139 414 3206 nn
433 3154 485 3207 per
503 3141 562 3204 ΔΒ,
581 3138 715 3194 tormer
728 3140 738 3208 ΙΙ
751 3135 886 3193 mentitur
902 3140 923 3188 Β
937 3139 978 3206 114
995 3137 1070 3192 hune

110 3211 180 3280 Aen
202 3204 268 3263 min'
288 3212 319 3276 Δ,
337 3225 438 3262 munus
456 3212 490 3277 Β,
509 3224 579 3263 corr.
598 3208 658 3264 edd.
680 3210 690 3279 ΙΙ
714 3213 730 3262 6
748 3207 840 3278 inquit
857 3223 907 3263 ern.
926 3211 947 3259 Β
970 3207 979 3276 ΙΙ
1002 3224 1070 3277 eges

110 3283 173 3335 tum
190 3280 264 3349 Β119
284 3295 394 3334 sermon
412 3296 481 3349 epus
495 3283 544 3348 Aa,
562 3295 672 3334 sermon
689 3295 740 3349 pes
758 3283 797 3332 Ab
811 3281 822 3348 ΙΙ
837 3284 870 3333 10
888 3277 1013 3348 aliquem
1031 3283 1052 3331 Β

112 3357 146 3405 18
166 3348 298 3423 od<er>it
315 3349 359 3405 Ro
386 3352 395 3420 ΙΙ
423 3355 528 3405 19-20
550 3350 578 3404 h.
601 3349 688 3404 etiem
708 3368 735 3420 p.
754 3354 775 3402 Β
801 3350 812 3419 ΙΙ
838 3355 872 3404 22
891 3365 1003 3404 eseussn
1020 3354 1044 3403 Δ

109 3427 146 3476 23
165 3421 298 3476 solvendo
316 3425 337 3473 Β
355 3423 365 3491 ΙΙ
382 3427 417 3477 25
436 3419 513 3494 (non
531 3436 631 3491 genus,
650 3436 707 3474 non
725 3419 863 3493 divitiae>
882 3419 926 3476 Ro
945 3421 954 3491 ss
973 3422 1071 3477 eontm

109 3496 170 3561 ΑΒ,
189 3507 258 3547 corr.
276 3491 321 3547 Ro
334 3493 344 3560 ΙΙ
358 3497 391 3546 27
411 3491 529 3563 *[quid]
1075 3504 1151 3632 1
