2392 3862
102 221 166 286 368
468 216 698 285 ournrmmm

99 385 183 449 rus?
234 383 260 448 si
301 383 402 447 talem
439 381 609 446 habiturus
655 402 742 445 eram
788 381 954 464 animum,
1002 381 1071 447 diis

100 473 223 558 gratias
257 491 333 555 ago,
368 470 454 554 quod
481 472 576 534 nocte
604 471 687 535 veni.
735 493 794 535 vos
824 471 986 555 profecto,
1021 471 1071 536 dii

100 560 301 646 coniugales,
329 560 415 624 hano
442 559 492 623 illi
521 560 663 622 mentem
692 558 839 642 dedistis,
868 563 905 624 ut
932 559 1072 626 domum

99 651 133 714 in
156 650 264 714 dotem
288 650 394 732 daret3
418 651 456 712 ut
478 648 591 713 eadem
613 646 740 711 familia
765 649 953 732 excubaret3
976 652 1016 714 ut
1040 650 1070 715 is

63 758 79 805 o
98 739 218 803 ianitor
242 740 337 822 esset,
360 738 417 822 qui
440 758 492 800 me
515 735 717 800 admitteret:
749 741 785 800 ut
803 759 951 803 reversus
976 737 1069 803 deni-

99 850 159 913 que
182 827 267 891 nihil
289 827 366 892 novi
389 826 578 906 invenirem,
612 829 743 907 praeter
767 825 940 892 adulteros.

164 917 254 1001 Ergo
281 937 363 980 uxor
390 914 436 979 sie
461 936 480 977 a
504 935 554 977 me
583 915 701 997 amata,
725 917 923 980 testamento
947 915 1071 982 reliota

97 1006 199 1089 heres,
223 1004 334 1069 audita
349 1007 455 1068 morte
474 1001 589 1067 mariti
607 1024 674 1066 non
691 1001 870 1086 inquisivit,
888 1004 945 1069 ubi
963 1005 1071 1089 peris-

99 1116 179 1177 sem3
203 1115 269 1159 non
289 1093 416 1178 aliquos
439 1092 593 1157 certiores
617 1091 762 1170 nuntios,
786 1114 853 1156 non
875 1114 1070 1160 reversuros

47 1203 80 1250 10
99 1206 118 1247 a
137 1183 296 1266 supremis
316 1181 433 1246 officiis
454 1180 598 1246 servulos
622 1181 818 1263 expectavit:
838 1181 896 1246 sed
908 1180 1071 1248 festinato

100 1294 227 1357 quoque
255 1271 368 1356 nupsit
396 1274 429 1334 et
456 1270 491 1333 in
518 1290 620 1334 novae
649 1269 793 1334 libidinis
826 1292 969 1336 amorem
993 1295 1072 1337 mea

98 1361 217 1425 iudicia
239 1360 388 1443 protinus
412 1357 595 1439 transtulit,
622 1357 656 1420 in
680 1358 791 1422 eadem
815 1359 926 1443 domo,
954 1361 990 1424 in
1016 1383 1071 1426 eo·

99 1449 182 1513 dem*
197 1448 355 1532 eubiculo,
378 1447 413 1511 in
436 1446 547 1511 eodem
570 1446 678 1521 lecto?
708 1447 788 1512 adeo
811 1449 923 1514 mariti
945 1450 1071 1532 prioris

101 1538 199 1600 etiam
231 1536 389 1601 memoria
420 1535 552 1600 obierat.
612 1534 694 1599 desii
732 1538 797 1601 ista
828 1538 954 1621 mirari,
992 1559 1072 1604 eum

47 1644 80 1692 15
100 1624 284 1689 adulterum
306 1624 374 1689 vidi
395 1625 557 1706 iuvenem,
585 1628 719 1707 propter
751 1647 847 1710 quem
871 1626 998 1691 tamdiu
1023 1627 1071 1693 vi-

100 1714 163 1777 dua
187 1735 256 1778 esse
280 1734 346 1777 non
367 1716 490 1796 posset,
515 1712 668 1797 quamdiu
695 1715 894 1799 peregrinari
916 1717 1073 1798 poteram

100 1823 170 1888 ego,
189 1804 244 1887 qui
263 1824 397 1867 uxorem
417 1801 463 1866 sio
482 1802 597 1866 amavi.
621 1804 742 1868 temere
767 1804 923 1887 profesto,
944 1806 1073 1870 temere

99 1892 134 1956 in
164 1892 293 1976 longius
316 1892 395 1956 ituri
425 1891 489 1954 iter
520 1891 674 1975 coniuges
708 1895 837 1956 nostras
861 1892 949 1958 domi
971 1894 1073 1959 relin-

13 2002 18 2009 ·
101 1982 243 2065 quimus:
275 1980 382 2045 subito
407 1980 594 2044 absentium
628 1980 871 2066 obliviscuntur,
903 1985 936 2047 et
966 2004 1076 2065 paene

47 2087 81 2135 20
101 2091 173 2134 oum
197 2069 276 2153 ipsis
299 2070 381 2135 toris
400 2089 537 2133 uxorum
556 2072 695 2152 pectora
715 2069 938 2154 refrigescunt.
969 2069 1075 2137 Mirer

27 2199 32 2208 ·
100 2181 186 2224 nuno
206 2180 276 2244 ego,
299 2158 383 2223 unde
402 2179 522 2240 rumor,
542 2179 624 2242 quae
642 2160 712 2223 tam
734 2159 879 2243 maligno
898 2159 1074 2228 mendacio

102 2269 212 2331 causa,
240 2247 291 2312 eui
318 2247 441 2332 fingere
469 2245 558 2311 istud
587 2246 789 2329 expedierit?
836 2248 893 2313 ille
919 2244 1075 2331 profesto

102 2336 135 2398 in
159 2358 257 2400 eausa
279 2335 343 2400 fuit
365 2335 503 2417 iuvenis,
526 2334 582 2418 qui
604 2336 640 2399 ia
664 2335 798 2401 domum
826 2358 935 2402 meam
959 2335 1077 2405 indua·

102 2427 156 2488 tus
180 2428 240 2488 est:
266 2424 432 2509 quaesitus
456 2427 507 2486 est
528 2421 629 2488 locus,
670 2424 736 2489 iam
760 2425 881 2510 rer<0>
906 2427 1077 2494 bonorum

52 2530 87 2579 25
107 2533 254 2576 meorum
287 2512 358 2576 dira
391 2509 562 2595 populatio
595 2512 681 2577 siout
713 2514 887 2579 notissimo
915 2513 1079 2583 (ireneias

106 2601 180 2664 duci
203 2599 306 2683 Ulixi,
340 2600 395 2684 qui
423 2598 550 2663 felicior
578 2601 689 2664 tamen
719 2603 822 2668 solam
850 2603 885 2667 in
913 2603 1078 2672 adulteris

110 2690 199 2753 ultus
224 2692 274 2753 est
296 2689 394 2773 gulae
417 2687 630 2772 voluptatem.

180 2870 193 2917 1
213 2863 254 2917 dii
272 2867 315 2934 Pl}
338 2871 354 2919 6
373 2881 476 2918 novum
495 2866 539 2933 ΒΙΙ
562 2870 577 2917 9
597 2865 653 2920 alio
673 2882 743 2935 quos
761 2871 782 2919 Β
801 2869 811 2937 ll
836 2873 869 2923 10
886 2849 915 2932 2¹<
931 2868 965 2923 in
982 2884 1077 2943 maro.

108 2939 131 2986 A
143 2938 153 3004 ΙΙ
168 2941 201 2988 10
212 2941 271 2989 -11
291 2936 481 3004 festinatoque
500 2952 565 3005 nup.
585 2939 605 2987 Β
620 2937 629 3005 l
645 2942 676 2990 11
696 2938 794 3009 nupsit
812 2954 922 3009 quoquo
943 2936 982 3008 (l)
1002 2938 1082 3071 Bop

107 3024 145 3062 an
163 3009 317 3062 amatorem
337 3006 373 3076 (?)
392 3006 437 3060 Ro
455 3008 465 3075 l
486 3012 517 3061 12
536 3007 669 3062 transtuli
691 3024 736 3063 me
759 3009 789 3064 in
807 3013 851 3081 Bll
871 3016 904 3066 18
925 3016 958 3064 Ν
978 3012 1003 3063 A
1016 3014 1059 3083 11

106 3079 242 3132 memoria
260 3079 368 3133 abierat
386 3082 422 3147 A,
449 3077 613 3133 memoriam
632 3079 775 3135 abiecerat
791 3085 825 3146 Β,
854 3097 922 3138 corr.
942 3080 989 3138 Ro
1040 3088 1078 3141 10

106 3151 219 3217 poteret
237 3153 257 3200 B
276 3151 285 3219 l
304 3157 337 3205 18
356 3149 411 3203 iter
429 3165 479 3205 om.
498 3154 519 3202 Β
538 3152 547 3220 [Ι
565 3155 600 3205 20
617 3149 671 3218 ipsi
690 3153 719 3205 et
737 3152 792 3207 oris
810 3157 831 3205 Β
852 3154 1001 3222 11211222
1071 3155 1080 3171 ‘

106 3221 149 3289 sq
164 3227 197 3274 23
217 3220 274 3275 *ad
293 3226 354 3288 As;
381 3220 442 3291 [ad]
462 3220 506 3276 Ro
524 3222 534 3290 u
552 3227 659 3275 23-24
677 3221 777 3278 duetus
795 3225 886 3294 rues
904 3231 1032 3296 ’squ-en.
1051 3244 1080 3287 ο,

107 3292 213 3359 locus†
232 3292 277 3347 Ro
290 3295 300 3362 ΙΙ
314 3294 500 3347 verbonorum
519 3296 559 3344 Aa
572 3297 601 3358 B,
629 3293 809 3350 virbonorum
828 3299 877 3363 Ab,
902 3297 1082 3355 urbanum

105 3367 134 3428 Β,
158 3379 227 3417 sorr.
249 3365 288 3418 Pa'
309 3365 319 3433 ss
342 3370 376 3418 25
396 3363 509 3418 Grotiae
534 3368 557 3415 A
574 3364 583 3434 l
598 3369 632 3418 26
651 3364 728 3419 Ulixi
745 3381 795 3421 om.
815 3369 883 3437 Aa!
905 3366 971 3423 duel
988 3366 1081 3437 orm

108 3433 171 3487 duci
193 3439 226 3499 B,
256 3434 342 3503 Ulyxi
366 3433 430 3488 duci
452 3439 472 3486 P
494 3433 503 3503 ΙΙ
526 3440 559 3490 27
584 3436 678 3490 vultus
702 3440 722 3487 B
744 3438 755 3505 n
778 3437 861 3507 gylee
884 3438 1007 3509 (maor)
1025 3444 1081 3515 An,

108 3502 202 3571 Syllae
220 3509 240 3556 B
255 3507 312 3574 ¹12⁷
336 3505 550 3561 voluntatemB
852 3538 855 3543 -
1013 3562 1020 3575 ‚
1100 3544 1104 3549 -
1122 3558 1143 3583 e..

1064 3582 1143 3635 -risfl
