2392 3862
342 244 661 300 DECLAMATIONES.
681 244 843 301 ccoxmv,
1010 245 1073 309 357

116 414 153 474 ut
180 412 289 496 optari
317 409 425 493 <non>
455 430 594 491 possem.
639 406 715 473 Non
746 409 780 472 in
811 411 916 474 totum
948 410 1077 474 iactabo

116 500 219 583 vobis,
242 499 373 581 iudices,
397 497 631 562 continentiam
653 519 769 561 meam.
803 497 872 563 sine
891 498 987 563 dubio
1006 521 1077 583 per-

115 587 199 653 ferre
223 588 312 653 volui
335 587 375 652 ad
398 589 524 670 patrem
543 587 709 670 integrum
728 608 845 650 munus
863 607 922 652 neo
937 608 1077 652 eorrum-

115 698 205 760 pere,
233 677 318 760 quod
341 679 550 758 praestarem.
596 674 718 759 aliquid
742 679 855 740 tamen
876 674 1022 740 fecerunt
1045 680 1078 740 et

115 787 222 830 mores
241 764 384 848 puellae:
400 784 543 828 severam
562 763 712 828 videbam
731 767 763 828 et
782 785 940 846 asperam.
965 786 1006 828 ne
1025 787 1076 828 me
1097 778 1112 827 5

116 853 246 938 quidem
270 854 409 918 tulisset.

489 992 701 1077 o'ooxuru

158 1134 352 1218 Redemptu
375 1134 554 1201 meretrix
577 1153 599 1199 a
620 1133 733 1200 divite
755 1135 922 1217 pauperis
946 1134 1034 1200 filio.

115 1260 292 1325 lusorum
314 1275 497 1324 nrnnrron
521 1276 574 1325 sm
597 1277 712 1324 norro.
734 1259 890 1343 Pauperis
915 1264 948 1324 et
967 1259 1077 1325 divitis

204 1349 265 1413 filii
288 1349 423 1414 eandem
446 1348 648 1413 meretricem
672 1348 837 1414 amabant.
869 1349 943 1413 leno
968 1349 1131 1413 condi-10

205 1439 330 1502 cionem
353 1437 476 1521 posuit,
506 1437 537 1501 ei
560 1437 755 1502 traditurum
780 1459 813 1501 se
837 1459 907 1503 esse
930 1439 1078 1502 meretri-

205 1547 288 1610 cem,
321 1529 376 1610 qui
408 1525 548 1610 pretium
579 1527 670 1609 prior
702 1526 876 1591 attulisset.
926 1527 1077 1610 pauperis

203 1614 307 1679 filium
330 1616 364 1678 in
385 1614 557 1680 solitudine
577 1615 666 1681 dives
685 1615 817 1680 flentem
836 1616 949 1681 stricto
968 1615 1076 1700 gladio

203 1703 335 1768 invenit.
364 1703 579 1788 interrogavit
598 1726 735 1770 causam.
764 1704 821 1768 illo
840 1703 923 1768 dixit
941 1725 976 1768 se
994 1705 1078 1768 mori

204 1793 287 1858 velle
316 1792 357 1858 ob
387 1815 532 1858 amorem
560 1793 748 1858 meretricis.
796 1793 936 1875 pretium
964 1793 992 1856 ei
1021 1792 1130 1856 do-15

203 1882 301 1946 navit.
356 1881 494 1946 redemit
522 1881 711 1946 adulescens
743 1880 955 1945 meretricem.
1009 1881 1077 1965 agit

203 1992 327 2055 pauper
350 1991 422 2034 oum
446 1969 546 2034 divite
569 1969 717 2053 inseripti
739 1969 899 2033 maleficii.

506 2144 679 2210 SERMO.

182 2268 230 2332 De
252 2272 346 2353 parte
370 2269 452 2353 legis
476 2270 562 2334 inter
583 2275 757 2354 utrumque
781 2271 981 2356 litigatorem
1003 2292 1076 2335 con·

112 2359 237 2423 fessum
262 2361 319 2422 est.
1094 2376 1128 2424 20

425 2478 763 2547 DECLAMATIO.

99 2687 102 2693 Ι
180 2607 378 2690 Inscriptum
407 2628 477 2670 esse
505 2607 552 2691 id,
584 2606 669 2691 quod
693 2606 813 2690 obicio,
840 2629 907 2670 non
929 2611 1075 2692 negatur.

113 2718 176 2781 qua
208 2697 280 2779 lege
314 2695 543 2778 comprehendi
569 2695 679 2780 potuit
706 2695 768 2759 hoo
794 2695 932 2760 nocendi
964 2717 1076 2781 genus,

114 2785 199 2869 quod
235 2806 304 2849 rem
335 2785 565 2870 gravissimam
596 2783 675 2849 fecit
707 2785 811 2868 specie
842 2784 1076 2849 liberalitatis?

114 2873 226 2938 omnia
248 2873 351 2957 igitur
373 2872 447 2958 ista,
471 2894 690 2957 quaecumque
714 2894 753 2937 ex
767 2873 901 2939 adverso
917 2873 1075 2957 dicuntur,
1094 2889 1128 2938 25

115 2961 252 3048 „donavi
276 2963 305 3026 ci
326 2960 498 3045 pecuniam
522 2964 555 3026 et
578 2958 732 3026 servavi‘r
742 2964 783 3045 et,
797 2983 886 3045 „quo
910 2962 979 3024 iure
1002 2983 1075 3044 pro-

110 3048 290 3115 hibetur?“
312 3070 351 3115 eo
369 3049 544 3135 portinent,
566 3054 605 3114 ut
618 3053 773 3134 appareat
787 3051 981 3133 inscriptum
996 3071 1075 3132 esse,

111 3139 197 3225 quod
220 3137 335 3204 obicio.

412 3337 434 3357 ·
519 3345 541 3363 «--
664 3336 705 3387 a!
731 3310 793 3379 Ra·
838 3328 892 3369 nec
913 3311 1017 3386 rapui>
1043 3314 1075 3366 ut

396 3387 480 3446 »τ’
654 3383 658 3390 ’
697 3378 832 3456 iffi,
890 3385 1073 3454 aalma

379 3477 388 3486 ·’
756 3469 758 3472 ⁴
824 3452 1096 3533 ''u-'mum
