2370 3862
324 202 642 261 Duchnnnrloruus.
662 205 830 263 cchxxrv.
995 206 1060 272 123

164 365 199 432 Si
222 368 423 432 mehercule
444 368 545 451 aliqui
564 368 709 434 liberulis
733 370 822 453 civis,
844 371 946 435 immo
960 369 990 435 si
1003 391 1060 455 op·
1140 396 1145 413 ¹

95 457 175 521 time
203 456 338 521 meritus
366 457 402 521 in
424 455 496 522 foro
520 456 657 523 fulmine
681 461 769 523 esset
789 459 888 542 ictus,
920 459 1059 524 dicerem

95 547 205 610 temen
229 544 418 630 excipienda
437 545 603 629 quaedum.
639 566 703 612 nort
724 548 807 612 euim
833 569 945 613 omnes
964 568 1059 613 casus

95 634 264 718 providere
302 634 412 718 legum
449 635 569 699 latores
606 639 798 719 potuerunt:
840 657 899 701 nec
935 635 1059 721 templa

96 727 231 807 excepte
254 726 338 787 sunt.
374 722 491 806 forum,
513 723 599 806 quod
617 723 701 788 mihi
719 725 878 808 templum
897 724 1059 809 quoddam
1078 740 1094 790 o

94 812 185 895 pacis
208 810 346 895 videtur,
368 812 403 876 in
426 832 490 895 quo
513 812 584 876 iura
605 814 803 897 exercentur,
826 816 960 898 propter
974 813 1059 896 quod

95 899 184 984 leges
203 900 323 982 velent,
343 901 449 965 bustis
468 901 707 984 occupabimus,
726 900 879 967 infaustis
898 901 1058 967 cineribus
1114 984 1118 991 Ι

95 986 300 1072 polluemus?
336 991 444 1055 totum
470 988 601 1054 hercule
628 989 738 1073 potius
765 990 987 1074 relinquemus
1010 993 1060 1074 ty·

94 1077 190 1143 renni
213 1077 374 1162 sepulcrm
397 1082 560 1143 mutemus
583 1077 691 1142 locum
714 1078 915 1144 iudiciorum.

423 1190 727 1289 precurrens.
1078 1254 1111 1305 10

487 1357 659 1451 snuuo.

161 1483 208 1550 Ut
231 1484 416 1570 sepeliatur,
439 1484 669 1569 superstitione
690 1487 759 1552 sole
778 1486 863 1552 effici
881 1487 998 1571 potest,
1020 1490 1058 1552 ut

93 1573 128 1638 in
151 1574 395 1657 comparatione
420 1573 530 1659 legum
553 1574 633 1639 illud
655 1575 880 1659 potentissime
903 1575 1057 1660 dicamus,

93 1684 167 1728 eam
198 1662 305 1747 legem
333 1663 439 1747 magis
467 1684 539 1728 esse
567 1662 772 1748 servandam,
806 1686 888 1749 quae
924 1664 1057 1730 deorum

94 1751 203 1837 gretie
225 1751 347 1836 scripta
369 1751 425 1835 sit,
455 1774 553 1836 quem
579 1774 662 1837 quoe
684 1752 868 1818 hominum:
901 1753 1056 1819 adversus
1077 1767 1110 1818 15

93 1839 226 1925 tyranni
257 1841 448 1924 sepulturum
477 1839 667 1907 hominibus
699 1844 827 1907 tantum
860 1863 930 1907 esse
958 1841 1057 1925 scrip-

92 1932 175 2012 tum,
203 1933 235 1994 et
263 1930 418 2014 scriptum
445 1929 644 1995 levissimam
671 1934 800 2014 partem
822 1929 972 1995 ultionis:
995 1929 1057 1994 hoc

94 2038 185 2101 vero,
216 2018 302 2104 quod
329 2017 542 2084 constitutum
575 2021 639 2102 est,
670 2022 707 2083 ut
729 2040 793 2103 quo
822 2019 957 2103 quisque
984 2017 1057 2083 loco

92 2104 230 2173 fulmine
258 2107 342 2172 ictus
371 2110 469 2191 esset,
502 2106 614 2171 eodem
647 2106 852 2191 sepeliretur,
887 2105 1056 2191 religionis

93 2215 174 2260 esse.
1075 2209 1110 2259 20

404 2298 741 2367 DECLAMATIO.

160 2422 274 2510 Neque
297 2423 359 2489 hoc
379 2427 514 2508 propter
531 2444 706 2509 personam
723 2445 829 2509 neque
846 2425 881 2490 in
899 2424 1056 2490 honorem

93 2512 230 2578 alicuius
255 2512 423 2597 scripsisse
445 2515 554 2597 potest
577 2512 793 2598 legumlator
812 2513 924 2597 videri,
948 2513 1057 2580 sedin

91 2602 309 2666 reverentiam
331 2601 474 2666 deorum.
519 2601 570 2666 fes
593 2623 659 2666 non
683 2606 745 2687 est,
774 2602 848 2684 inde
872 2602 1056 2668 submoveri

91 2690 194 2756 ictum
212 2691 323 2755 illum:
352 2689 514 2774 quomodo
538 2690 688 2755 sederant
711 2691 875 2775 flammae,
906 2691 954 2756 ita
982 2712 1055 2756 con·
1074 2704 1109 2754 25

167 2853 179 2901 1
201 2846 303 2917 aliquis
321 2850 342 2899 Β
361 2849 370 2918 ΙΙ
393 2853 409 2901 3
428 2845 535 2901 *immo
558 2862 649 2916 neque
667 2851 717 2901 ΑΒ
740 2848 749 2916 l
772 2852 843 2902 8-4
861 2847 947 2904 immo
966 2802 1056 2919 neque

92 2932 119 2971 o.
138 2933 162 2972 c.
181 2936 207 2988 p.
227 2918 246 2972 l.
264 2918 283 2973 1.
303 2936 330 2988 p.
350 2921 379 2972 et
395 2916 505 2987 temple
523 2932 546 2974 e.
566 2936 587 2975 s.
606 2919 650 2973 Rc
673 2919 683 2989 ll
706 2923 722 2973 t
741 2917 834 2973 forum
852 2918 925 2975 mihi
942 2918 1057 2988 quidem

91 2989 113 3042 t.
132 2992 153 3040 Β
171 2990 181 3059 l
199 2994 215 3043 6
234 2989 294 3045 iure
313 2991 363 3112 Ari
382 2995 397 3044 7
418 2987 616 3058 occupavimus
633 2992 654 3041 Β
672 2991 712 3060 ΙΙΒ
731 3008 757 3060 p.
777 2988 870 3044 forum
888 2992 962 3045 herc.
981 2989 1055 3059 3119

92 3057 237 3114 mittemus
255 3061 299 3130 ΒΙΙ
311 3058 342 3114 iu
362 3059 454 3114 iorum
467 3063 497 3126 Β,
515 3061 547 3114 tu
562 3059 678 3115 deorum
692 3064 713 3112 Β
725 3061 736 3131 l
750 3065 855 3115 10-12
874 3060 943 3114 Pers
957 3058 1054 3115 ultera.

91 3132 125 3185 ut
139 3147 196 3200 sep.
212 3149 233 3193 s,
248 3129 436 3187 sola.'Sermo.
451 3129 533 3186 Effici
545 3134 566 3183 Β
580 3132 590 3201 ΙΙ
606 3136 709 3187 12-13
723 3133 826 3202 potest.
840 3130 906 3186 hinc
920 3130 951 3184 in
965 3147 1054 3201 comp.

92 3199 203 3272 (ἣΒοΙΙ
218 3208 251 3257 lo
269 3202 415 3270 potissime
433 3201 501 3268 Son·
517 3201 890 3273 fortasse*potentissimum
902 3204 912 3272 ΙΙ
927 3206 960 3256 lt
970 3200 1054 3258 *adu

91 3273 112 3327 t.
132 3271 269 3354 ultionem
287 3273 361 3328 hom.
380 3277 442 3355 ΑΒ,
461 3273 525 3328 adv.
539 3275 564 3356 tt.
582 3292 610 3329 u.
628 3273 722 3342 legem
740 3273 816 3329 hom.
835 3272 888 3329 ocu
909 3273 919 3343 {l
944 3278 976 3327 lt
996 3287 1055 3356 esse

92 3345 228 3496 {tillut
239 3341 584 3486 „tlmtttttlt
601 3344 727 3488 ltili?
741 3344 1056 3487 ltlhtltttht

92 3483 134 3539 rll.
152 3502 183 3540 m
201 3503 286 3555 quem
305 3485 362 3540 sed.
381 3490 402 3538 Β
421 3487 430 3557 l
449 3486 592 3557 sederant]
622 3485 743 3542 oderent
760 3487 831 3542 coni.
850 3485 895 3541 Ro
