2392 3862
471 201 701 268 QUINTILIANI

371 358 374 363 ’
420 363 756 431 DECLAMATIO.

172 474 219 539 Ut
243 494 314 538 meo
337 473 469 538 nomine
493 494 565 537 sum
588 472 695 555 vobis,
718 469 871 554 Quirites,
893 469 1077 558 obligatus,

106 562 192 646 quod
230 583 425 645 quamquam
461 560 682 626 necessarium
709 562 743 625 et
773 558 978 625 adsalutem
1001 581 1075 647 per·

107 651 215 715 tinens
245 650 386 715 civitatis
428 649 603 716 remedium
637 648 819 731 praesentis
851 647 981 713 timoris
1024 671 1076 715 re-

72 742 220 823 espectu
257 742 369 804 tamen
401 739 466 804 mei
494 736 773 822 praetermisistis:
806 737 855 800 ite
885 737 990 822 ipsius
1023 739 1074 804 rei

106 827 257 912 publicae
275 827 407 893 nomine
427 828 559 905 irascor,
577 825 741 911 neminem
756 824 903 891 extitisse
916 825 1076 912 priorem,

107 915 162 1000 qui
184 937 244 1000 pro
268 917 374 982 salute
398 915 561 982 communi
583 936 635 979 me
659 913 820 979 offendere
840 912 983 981 auderet.
1017 935 1075 979 ne·

107 1027 169 1089 que
193 1005 226 1069 id
250 1005 330 1069 satis
355 1009 418 1087 est,
445 1004 501 1068 sed
524 1003 663 1082 invenio,
687 1003 742 1086 qui
766 1000 950 1086 adulentur,
972 1006 1009 1068 et
1030 1025 1074 1069 nc

108 1114 202 1156 ame
235 1092 365 1176 quidem
396 1094 498 1158 latam
529 1091 615 1156 hane
646 1090 852 1176 rogationem
884 1090 1076 1158 existiment

55 1195 89 1244 10
107 1184 256 1263 respectu
284 1181 349 1245 mei
377 1180 603 1266 recipiendam.
650 1201 722 1244 cum
753 1178 870 1262 quibus
893 1178 975 1244 rnihi
1000 1202 1077 1247 con-

108 1269 223 1333 sistere
246 1268 364 1335 fortius
387 1274 484 1354 atque
509 1270 616 1353 etiem,
640 1268 668 1332 si
694 1268 741 1332 ite
768 1288 825 1334 res.
840 1267 960 1352 exigat,
984 1290 1077 1335 acer-

106 1357 179 1422 bius
193 1379 324 1423 necesse
343 1363 407 1424 est:
426 1380 499 1424 cum
517 1358 552 1421 in
571 1357 604 1421 id
624 1377 751 1441 quoque
766 1355 946 1440 perieulum
959 1358 1075 1424 venire

106 1446 297 1530 intellegam
320 1446 486 1530 optionem
508 1467 624 1530 msam,
647 1466 690 1508 an
711 1443 774 1509 hoe
797 1443 904 1509 velim.

177 1530 264 1598 Satis
288 1538 359 1599 erat
382 1534 464 1598 mihi
485 1534 606 1599 dicere:
634 1532 840 1617 rogationem
861 1531 932 1598 fero
956 1533 1077 1601 utilem

57 1636 89 1684 15
109 1620 244 1685 civitati.
289 1622 354 1686 iste
381 1623 466 1686 enim
495 1622 642 1709 speciosa
670 1620 756 1685 dictu
787 1625 820 1686 et
843 1620 972 1704 v<a>ne
996 1644 1079 1707 qua-

109 1709 183 1773 dam
217 1709 359 1794 imagine
395 1709 525 1776 honesti
565 1709 762 1775 circumdata
793 1730 860 1774 non
892 1709 1078 1795 respiciunt

108 1801 296 1880 praesentes
319 1798 545 1884 necessitates,
574 1799 603 1863 si
624 1802 735 1863 tantas
758 1798 844 1865 vires
867 1797 1006 1864 haberet
1030 1800 1077 1867 ci-

109 1887 203 1971 vitas,
221 1890 258 1951 ut
271 1886 358 1951 bella
373 1888 546 1972 suscipere,
563 1891 602 1951 ut
616 1885 766 1971 frangere
780 1887 921 1970 impetus
936 1889 1077 1971 tyranni

108 1979 227 2059 posset,
250 1979 406 2040 nontam
429 1976 483 2041 diu
507 1976 727 2057 servissemus,
749 1995 816 2039 non
838 1975 934 2040 illum
958 1997 1077 2042 cruen-

56 2064 271 2129 notissimum
295 2063 461 2130 dominum
485 2086 568 2131 unus
592 2085 632 2128 ex
654 2063 781 2128 insidiis
805 2063 985 2129 occidisset.
1028 2069 1079 2131 at·

110 2175 171 2237 que
204 2174 278 2239 ego,
315 2154 444 2219 etiamsi
479 2154 660 2238 plurimum
693 2172 763 2216 esse
794 2152 911 2217 virium
943 2153 979 2218 in
1011 2153 1078 2221 hec

110 2241 242 2306 civitate
265 2247 455 2326 spectarem,
478 2241 560 2307 bene
582 2246 695 2306 tamen
718 2239 834 2304 redimi
853 2241 958 2324 capite
977 2240 1078 2309 unius

111 2329 190 2392 civis
213 2351 324 2412 paoem
346 2334 504 2413 putarem.
543 2327 638 2394 facile
662 2332 711 2392 est
729 2328 794 2393 ista
812 2329 846 2393 in
865 2329 1077 2397 contionibus

112 2420 146 2480 et
170 2416 311 2480 conciliis
335 2417 499 2502 despicere
522 2416 671 2482 dicendo:
695 2417 760 2481 iem
785 2417 814 2481 si
838 2417 996 2483 exercitus
1017 2418 1080 2484 ho-

58 2519 92 2567 15
113 2504 214 2568 stium
237 2504 322 2568 intra
344 2505 426 2570 fines
448 2508 579 2570 nostros
602 2504 710 2589 fuerit,
734 2505 762 2569 si
786 2506 896 2570 ardere
919 2506 1028 2592 villas,
1047 2507 1080 2573 si

112 2591 271 2676 frugifera
291 2593 421 2677 succidi,
445 2593 473 2658 si
495 2592 608 2678 fugam
631 2593 826 2659 rusticorum
845 2594 880 2659 in
898 2595 1022 2678 urbem,
1046 2596 1079 2661 si

112 2680 281 2764 compulsa
303 2681 390 2747 intra
413 2704 521 2747 muros
544 2703 663 2766 pecora
685 2680 870 2766 viderimus,
895 2683 924 2746 si
947 2684 1078 2750 moenia

112 2769 396 2853 oppugnabantur,
419 2770 449 2834 si
465 2772 571 2836 turres
590 2769 787 2856 quatientur,
811 2771 839 2834 si
858 2770 900 2835 ad
919 2770 1077 2838 dilectum

113 2858 154 2922 ab
179 2858 328 2941 amplexu
352 2861 493 2924 matrum
515 2859 646 2924 iuvenes
670 2859 849 2942 rapientur:
879 2881 977 2944 quam
1002 2881 1077 2927 sero
1102 2902 1103 2907 κ

60 2962 94 3010 30
112 2947 293 3030 paenitebit
307 2951 375 3012 tam
391 2969 465 3013 earo
479 2948 536 3011 uni
550 2946 755 3032 pepercisse?
778 2946 860 3012 Etsi
875 2948 951 3033 quid
964 2953 1078 3015 tamen

184 3056 200 3104 2
220 3051 251 3104 ut
269 3066 320 3105 om.
338 3056 359 3102 1²
382 3051 392 3119 ss
415 3049 469 3105 sim
487 3055 507 3102 B
526 3050 535 3119 {l
555 3054 571 3103 5
589 3050 631 3105 ita
649 3065 699 3105 om.
719 3051 791 3118 Pl9
811 3049 952 3105 existimet
970 3055 1049 3103 B-l’
1068 3051 1080 3125 ss

115 3127 148 3174 10
167 3121 287 3176 consiste
302 3119 346 3175 )()(
361 3125 409 3189 Aa,
429 3121 581 3176 consistete
600 3125 653 3187 Ab,
672 3122 840 3176 resisteres
863 3122 873 3190 ΙΙ
897 3127 929 3174 11
950 3122 1079 3178 acervius

113 3194 159 3260 1111
175 3198 207 3246 13
227 3191 383 3262 optionem]
403 3191 581 3262 rogationem
599 3192 664 3257 Aer,
683 3192 729 3246 scd
748 3192 782 3258 cf.
797 3193 985 3249 scholasticam
998 3194 1080 3249 illam

114 3262 195 3329 leuem
213 3263 455 3333 tyrannicidarum
472 3263 506 3319 in
523 3263 599 3319 decli.
618 3265 833 3319 assuescere
859 3264 869 3332 ΙΙ
898 3269 930 3317 15
950 3262 1079 3319 civitatis

114 3335 174 3383 sali
188 3333 197 3401 ΙΙ
211 3332 324 3407 v<s>na
333 3333 390 3389 Aer
403 3334 413 3403 ΙΙ
428 3339 461 3389 16
479 3333 564 3407 imag.
583 3332 705 3388 hominis
723 3335 782 3389 tam
801 3333 865 3389 ciro.
881 3338 901 3385 B
915 3335 925 3402 ΙΙ
938 3333 1081 3403 recipiunt

113 3402 179 3457 Rau
202 3404 211 3471 ΙΙ
234 3410 267 3458 21
287 3404 404 3459 *virium
422 3409 482 3472 AB,
506 3405 579 3487 quod
596 3405 700 3474 probat
723 3404 768 3460 Ro
791 3408 800 3476 ΙΙ
823 3411 858 3460 24
877 3404 1001 3460 consiliis
1019 3404 1079 3477 AB,

114 3488 182 3530 corr.
202 3473 243 3530 Gr
255 3477 265 3545 ΙΙ
279 3474 317 3529 di
327 3481 366 3546 sp
384 3476 429 3545 ΔΙΙ
443 3476 580 3547 dispicere
599 3480 647 3544 Aa,
667 3477 816 3546 0111111128
835 3475 999 3546 quatiantur
1018 3482 1042 3531 Δ
