2392 3862
146 203 190 268 62
318 178 324 189 '
511 199 740 268 ommium

145 366 259 451 animi,
291 369 329 431 ut
359 365 422 433 hac
449 364 648 431 excusandus
677 366 729 431 sit.
775 365 915 430 altarum
941 364 1025 430 illud
1050 372 1115 451 est,

146 456 244 539 quod,
273 455 301 519 si
328 453 547 521 defensionem
575 455 662 519 ultra
690 452 907 519 excusationis
929 454 1115 521 terminum

144 542 352 627 proferimus,
383 542 562 609 laudandus
591 546 642 607 est
669 542 866 609 adulescens.
916 546 1114 629 arroganter

145 636 253 696 autem
277 631 375 696 faciet
397 635 431 696 et
453 630 585 715 tumide,
608 630 637 695 si
660 631 804 715 coeperit
824 652 858 696 se
876 631 946 716 ipse
959 631 1113 698 laudare:

109 721 335 804 opraesertim
358 720 538 785 iactaturus
561 719 608 805 id,
631 718 716 804 quod
739 718 844 785 facere
866 719 974 803 possit
997 741 1017 784 a
1040 720 1113 786 for-

144 815 224 873 tuna
243 828 321 874 esse.
345 807 493 874 dabimus
513 828 591 893 ergo
610 807 670 894 illi,
692 806 744 873 his
763 807 879 892 causis,
902 804 1113 875 advocatum.

455 999 791 1069 DECLAMATIO.

210 1126 286 1191 Non
304 1148 435 1192 necesse
454 1131 525 1191 erat
543 1127 633 1210 mihi,
655 1126 789 1211 iudices,
807 1125 845 1191 de
863 1125 943 1191 faeti
961 1127 1110 1214 huiusce,

145 1214 230 1299 quod
245 1215 278 1279 in
293 1216 413 1280 crimen
431 1218 574 1297 vocatur,
597 1215 723 1280 ratione
743 1215 909 1280 disserere.
939 1216 1006 1281 scio
1028 1217 1111 1302 quid

20 1360 24 1369 .
92 1319 124 1368 10
144 1303 299 1369 advocato
315 1303 394 1369 satis
410 1304 462 1369 sit
485 1302 668 1368 sufficiebat
681 1303 743 1368 hoc
756 1303 872 1387 solum,
887 1304 915 1369 si
931 1304 1111 1371 eximerem

143 1392 210 1476 legi
225 1414 329 1457 reum:
344 1396 377 1456 et
391 1397 498 1457 cetera
511 1392 593 1457 fiant
606 1390 747 1457 fortasse
765 1413 824 1476 pro
839 1391 1006 1477 dignitate,
1024 1393 1111 1461 fiant

142 1503 201 1564 pro
221 1481 427 1564 conscientia,
444 1503 504 1567 pro
523 1480 631 1546 laude:
650 1480 691 1545 ad
709 1502 766 1546 vos
785 1479 819 1545 id
837 1502 938 1546 unum
951 1480 1108 1567 pertinet,

144 1590 185 1633 an
200 1569 280 1652 lege,
305 1590 368 1653 qua
383 1569 589 1656 cognoscitis,
609 1569 774 1654 obligatus
790 1568 910 1653 sit,'qui
925 1572 1109 1638 accusatur.
1127 1568 1130 1573 ’

144 1678 226 1741 quae
253 1677 302 1722 res
330 1657 436 1740 vobis,
469 1680 532 1743 quo
561 1658 702 1723 atrocior
730 1661 792 1742 est,
822 1657 884 1722 hoc
915 1657 1109 1744 diligentius

90 1760 123 1809 15
143 1744 297 1810 intuenda
329 1749 387 1812 est
433 1746 477 1810 sit
503 1746 674 1812 tolerabile
701 1745 842 1811 formula
869 1767 978 1811 errare
1007 1751 1041 1812 et
1070 1748 1110 1817 in
1156 1750 1162 1761 ’

142 1833 301 1917 petitione
333 1836 487 1918 pecuniae
518 1856 583 1900 non
609 1836 659 1899 uti
686 1836 755 1900 iure
784 1853 955 1901 concesso:
986 1834 1110 1920 aliquis

142 1925 240 2006 caput
253 1922 396 1988 hominis
410 1944 581 2008 perperam
594 1924 687 2009 petit,
705 1927 743 1988 ut
754 1927 887 2005 terreat,
904 1927 943 1988 ut
956 1923 1109 1990 occidat?

140 2011 200 2076 Rei
224 2011 374 2095 publicae
396 2012 503 2079 laesae
526 2012 685 2096 quaedam
703 2017 790 2095 sunt,
813 2012 942 2090 iudices,
965 2011 1006 2076 ad
1024 2032 1108 2097 quo·

141 2122 212 2164 rum
245 2101 543 2184 pronuntiationem
576 2101 662 2166 oculi
695 2100 865 2166 sufficiant.
919 2100 999 2165 setis
1032 2106 1109 2168 crat

88 2203 121 2254 ao
141 2191 322 2255 accusatori
354 2191 535 2273 ostendere,
568 2191 596 2255 si
628 2189 707 2273 quid
733 2188 786 2254 hio
816 2189 958 2254 laeserit:
991 2188 1108 2275 aliqua

140 2278 344 2361 publicorum
379 2299 515 2363 operum
549 2278 692 2361 incensa,
724 2298 836 2343 eversa
867 2278 919 2343 vel
950 2283 1107 2363 corrupta

141 2366 283 2449 navalia,
310 2387 402 2431 arma
423 2366 537 2430 usibus
561 2365 641 2429 balli
664 2371 787 2452 erepta3
817 2366 940 2450 aliquid
964 2365 1106 2451 donique

141 2472 361 2537 eorumquae
382 2453 511 2538 publice
535 2453 746 2539 possidemus,
770 2454 822 2539 (ea
845 2459 926 2520 sunt
943 2455 1031 2521 onim
1054 2456 1105 2521 rei

140 2539 304 2626 publicae)
323 2541 465 2607 deterius
483 2540 580 2607 huius
598 2541 710 2607 fraude
729 2547 824 2628 atque
838 2542 957 2608 iniuria
970 2543 1105 2611 factm

88 2645 120 2694 ao
142 2628 259 2695 Cetera
281 2629 405 2696 habent
427 2650 503 2696 suas
526 2631 629 2715 leges,
652 2652 712 2697 sua
733 2632 820 2716 iura,
847 2653 923 2697 suas
947 2634 1105 2699 actiones.

140 2721 168 2784 si
185 2717 255 2797 hos,
278 2739 359 2802 quos
378 2721 538 2804 recepisse
556 2720 683 2805 dicitur,
706 2719 885 2804 occidisset,
903 2741 969 2785 non
987 2724 1104 2787 tamon

138 2808 187 2872 rei
209 2808 357 2891 publicae
380 2808 488 2873 laesae
511 2809 580 2875 iure
595 2809 700 2874 teneri
719 2808 889 2874 videretur.
914 2809 980 2875 sint
997 2809 1105 2895 igitur

212 2981 340 3038 1⁴²animo
360 2986 407 3035 n
421 2984 431 3052 11
443 2983 495 3039 hec
513 2986 542 3048 B,
561 2982 607 3037 hio
625 2984 721 3052 62114
739 2983 763 3038 si
773 2998 802 3036 se
812 2983 1006 3055 coeperitipse
1023 2986 1103 3053 316

138 3053 167 3107 id
187 3053 275 3124 quod]
295 3052 419 3123 quodid
437 3055 517 3109 malit
534 3054 578 3109 Ro
591 3056 631 3122 19
650 3053 726 3122 quod
744 3054 836 3122 Δ111
858 3057 886 3109 et
904 3053 928 3109 si
947 3056 1042 3180 optata
1060 3054 1104 3129 1111

139 3130 171 3179 12
191 3143 227 3180 an
246 3124 310 3195 gele
328 3130 378 3191 Aa,
396 3141 432 3180 an
450 3124 508 3195 legi
526 3127 570 3193 1111
587 3131 619 3178 14
636 3124 680 3179 vis
699 3128 730 3191 A,
750 3141 799 3179 om.
819 3129 848 3194 B,
868 3141 936 3180 corr.
977 3126 1032 3193 cal!
1047 3126 1103 3197 ’11

138 3200 182 3261 (==
198 3198 241 3250 est
258 3196 315 3264 vel)
334 3197 389 3251 hoc
409 3200 431 3248 Δ
453 3198 463 3264 1
489 3201 521 3251 15
542 3196 567 3249 si
584 3196 634 3250 tol.
653 3200 674 3247 B
693 3197 750 3265 116
770 3212 861 3251 nonne
878 3195 939 3251 iure
957 3200 987 3265 B,
1005 3212 1102 3253 nonne

137 3283 201 3321 vere
219 3271 239 3318 1’
261 3270 271 3336 11
293 3272 328 3321 20
353 3282 411 3323 aco.
430 3267 541 3323 hostem
559 3266 642 3340 edere
660 3284 745 3335 quam
763 3267 847 3322 hicn
874 3269 885 3337 11
911 3273 944 3322 11
963 3267 1102 3338 inpensae

137 3352 218 3391 versa
236 3341 272 3406 Δ,
289 3338 416 3409 impense
433 3356 459 3394 v.
478 3342 513 3406 B,
532 3353 601 3394 corr.
619 3338 657 3392 Pi
678 3339 689 3406 1
712 3343 747 3392 24
765 3338 843 3394 facta
861 3343 918 3403 AB,
946 3353 1015 3394 corr.
1034 3338 1078 3394 Gr
1090 3338 1102 3412 11

137 3413 171 3462 25
191 3410 283 3465 cetera
301 3408 328 3465 h.
348 3428 368 3464 s.
388 3408 406 3463 1.
426 3428 446 3464 s.
466 3408 529 3464 iura
547 3425 597 3465 om.
616 3414 656 3463 Aa
682 3410 693 3477 11
721 3415 754 3464 26
773 3409 827 3465 hoc
845 3413 885 3462 Aa
912 3412 922 3479 11
950 3416 983 3465 21
1002 3411 1101 3466 tenere

137 3479 266 3534 videatur
284 3483 325 3532 Aa
338 3481 348 3548 11
362 3484 427 3536 sunt
444 3485 464 3532 B
