2392 3862
159 242 225 308 314
527 238 756 306 columnam

159 426 230 471 esse
253 404 408 488 aliquem,
439 403 551 488 quiin
574 403 708 468 summis
731 402 778 466 rei
801 401 965 486 publicae,
992 404 1030 466 ut
1053 405 1128 469 tum

157 492 336 578 videbatur,
358 493 521 576 periculis,
545 495 709 557 excuteret
732 491 913 556 veritatem.
952 489 1128 558 dicebatur

158 581 306 666 proditor
338 578 472 666 aliquis3
506 581 669 645 clamabat
704 579 830 644 delator
861 578 913 643 asi
945 578 1028 644 mihi
1061 602 1128 646 vox

159 673 254 750 esset,
278 671 306 734 si
326 669 402 754 quid
422 669 625 754 eloquentiae
643 672 761 734 natura
779 667 958 752 tribuisset,
980 668 1048 733 iam
1068 691 1128 736 vo·

123 759 209 824 obis
233 758 459 843 ostendissem,
484 779 566 843 quae
591 779 663 822 cum
687 757 782 823 hoste
804 756 1012 842 commercia,
1037 759 1128 843 quod

159 847 332 912 discrimen
358 847 461 912 totius
489 846 537 910 rei
563 846 726 930 publicae,
760 868 857 930 quam
888 845 969 910 haec
1003 847 1128 934 omnia,

159 957 240 1020 quae
264 937 299 1001 in
323 939 499 1019 conspectu
522 937 606 1020 sunt,
629 935 664 1000 in
683 933 800 999 ultimo
819 934 962 1018 periculo
982 934 1128 1000 essent<

157 1025 264 1090 hicine
298 1047 385 1104 eum,
416 1024 470 1108 qui
499 1045 648 1088 accusare
675 1044 771 1107 posse
798 1022 982 1107 videbatur,
1013 1027 1127 1090 tacere

160 1113 345 1198 oporteret?
382 1111 465 1177 Mihi
488 1113 582 1178 aliter
606 1111 767 1198 agendum
791 1114 850 1176 est.
887 1132 947 1198 ego
972 1111 1126 1178 utilitati·

106 1218 139 1266 10
157 1203 218 1267 bus
250 1201 390 1287 publicis
422 1204 537 1267 contra
569 1201 773 1266 restitissem.
835 1220 896 1286 ego
930 1220 1007 1265 vero
1041 1201 1128 1267 haec

159 1291 266 1356 omnia
291 1292 420 1377 †supra
443 1291 524 1376 me†
546 1290 745 1374 maluissem,
768 1311 866 1373 quam
888 1291 982 1354 tanta
1004 1289 1128 1356 merita

158 1380 322 1462 asperiore
357 1379 426 1443 ulla
459 1401 537 1444 voce
569 1378 700 1443 violare.
747 1377 802 1443 sed
830 1377 1018 1443 necessitati
1047 1378 1127 1463 quid

157 1466 297 1531 faciaml>
320 1467 371 1531 lex
395 1467 530 1551 optandi
553 1469 728 1550 patronum
751 1465 803 1530 ius
827 1464 940 1532 dabat:
963 1487 1016 1531 me
1038 1466 1126 1532 dela·

158 1558 211 1618 tor
234 1557 413 1638 optaverat.
459 1555 546 1639 doce,
572 1555 647 1639 quid
670 1555 798 1621 faciam.
844 1554 968 1620 delator
991 1555 1043 1621 ius
1067 1555 1125 1621 ha·

105 1658 138 1707 15
158 1643 221 1707 bet.
268 1646 381 1708 contra
409 1665 537 1709 omnem
566 1665 673 1708 meam
701 1643 961 1728 deprecationem
990 1643 1125 1729 publica

159 1731 349 1796 auctoritate
375 1731 498 1797 nititur.
553 1732 751 1797 conscientia
778 1753 830 1797 me
857 1731 987 1797 hercule
1014 1732 1124 1798 faeere

157 1819 221 1886 hoo
244 1820 370 1886 viderer
394 1843 431 1886 ac
453 1821 610 1906 timuisse,
633 1843 673 1886 ne
698 1821 726 1886 si
749 1820 797 1884 illi
820 1841 937 1887 causae
959 1843 1024 1887 vox
1048 1843 1124 1888 eon·

156 1909 301 1995 tigisset,
334 1910 367 1974 in
399 1911 539 1976 medium
575 1911 698 1976 scelera
724 1908 901 1995 prodirent.
955 1929 1016 1994 ego
1045 1914 1125 1977 uero

159 2000 284 2082 suscepi
308 2020 439 2065 causam
461 2022 522 2065 nec
544 1999 651 2084 timui,
673 2020 713 2063 ne
732 1998 903 2064 vincerem.
936 2020 1002 2064 non
1020 1998 1126 2085 igitur

105 2101 139 2151 20
159 2086 287 2153 obicere
320 2087 417 2154 debes
448 2088 543 2173 mihi,
579 2089 614 2152 in
648 2087 733 2172 quod
766 2091 897 2154 coactus
930 2109 1016 2153 sum:
1055 2087 1125 2173 illa,

158 2198 239 2261 quae
271 2176 403 2243 fuemnt
434 2177 469 2241 in
501 2199 574 2242 mea
604 2179 784 2260 potestate,
812 2176 841 2240 si
873 2176 1124 2261 deprehendisti,

158 2266 306 2348 ostende3
340 2266 368 2329 si
401 2265 509 2330 vultus
541 2265 695 2348 infestus,
728 2264 755 2330 si
783 2286 846 2330 vox
878 2264 1061 2350 incitatior,
1096 2266 1124 2330 si

159 2352 236 2435 quid
263 2354 351 2418 ultra
378 2354 617 2419 necessitatem.
670 2351 784 2437 Neque
812 2354 878 2418 ista
906 2373 966 2439 ego
995 2353 1124 2439 inputo.

157 2461 223 2504 non
252 2442 335 2505 enim
365 2445 527 2525 poteram3
559 2463 663 2526 neque
691 2445 762 2506 erat
791 2441 943 2507 adversus
967 2441 1124 2508 innocen-

104 2542 139 2592 25
158 2528 239 2592 tiam
263 2532 353 2593 tuam
378 2530 509 2614 ingenio
527 2530 627 2595 locus.
668 2530 780 2614 itaque
803 2530 937 2596 discessi
960 2553 980 2596 a
1003 2528 1124 2598 iudicio

158 2617 284 2701 laetior,
308 2639 405 2701 quam
430 2639 504 2683 reus
530 2619 613 2703 ipse,
637 2622 670 2683 et
694 2619 785 2684 velut
808 2618 903 2684 editis
925 2620 1125 2686 necessitate

159 2706 266 2789 operis
299 2705 339 2770 ad
372 2707 626 2793 gratulationem
658 2707 793 2772 cucurri.
844 2729 904 2773 nec
937 2729 989 2772 me
1024 2709 1055 2774 ei
1088 2708 1125 2774 in

157 2793 318 2879 reliquum
359 2795 465 2861 eximo
505 2800 642 2882 tempus.
711 2796 826 2861 debere
863 2796 1034 2862 confiteor:
1073 2794 1125 2884 da,

159 2902 253 2965 quem
277 2884 459 2968 defendam3
495 2884 549 2970 da,
572 2906 632 2969 pro
655 2906 718 2969 quo
742 2885 865 2970 loquar.
911 2884 939 2950 si
965 2885 1044 2970 quid
1067 2883 1125 2952 ad·

104 2986 139 3036 aa
158 2992 270 3037 versus
283 2973 377 3038 illum
395 2975 664 3040 nocentissimum
684 2972 862 3041 delatorem
880 2974 1027 3040 invenire
1046 2996 1123 3060 pos·

230 3170 243 3218 1
264 3182 372 3221 summa
390 3169 467 3218 B-l’
481 3166 490 3234 ΙΙ
510 3171 526 3220 2
547 3167 744 3220 excuteret
763 3166 839 3235 ΔΙΙὸ
858 3164 1036 3221 ostenderem
1055 3165 1125 3238 R⁰ll

158 3241 174 3290 6
192 3235 280 3291 totius
299 3253 349 3293 om.
369 3241 389 3288 P
407 3238 417 3306 q
436 3242 451 3291 8
470 3236 517 3290 hio
535 3252 580 3291 me
599 3251 663 3292 eum
681 3239 725 3305 ΒΙΙ
740 3235 866 3291 accusari
884 3239 935 3289 AB
950 3236 960 3306 ΙΙ
974 3242 1008 3292 10
1027 3237 1123 3293 stetis·

157 3322 216 3360 sem
235 3308 294 3362 edd.
308 3310 318 3377 ΙΙ
331 3324 396 3362 vere
414 3308 458 3378 ΒΙΙ
478 3313 510 3360 11
531 3321 661 3377 suprema
680 3307 745 3373 our,
764 3307 901 3432 supprimi
919 3307 971 3376 Gr,
990 3324 1124 3433 spernere

151 3375 223 3448 Bel)
237 3383 271 3432 16
290 3379 444 3434 auotoritas
464 3381 524 3446 AB,
544 3394 612 3432 corr.
632 3377 690 3434 Aer
702 3378 712 3448 ΙΙ
732 3383 765 3433 17
783 3396 812 3433 vr
833 3379 896 3433 etur
914 3382 947 3445 B,
971 3396 1001 3433 vr
1021 3380 1125 3435 ebatur

140 3446 189 3503 Bo
204 3451 222 3518 ff
240 3456 273 3506 19
294 3452 425 3510 vincerer
443 3455 509 3522 Aa,
533 3466 605 3510 corr.
626 3448 668 3507 Gr
682 3451 700 3523 ll
712 3455 749 3505 ‘tt
766 3449 841 3504 mam
853 3449 888 3503 'ad
902 3448 979 3517 quod
996 3448 1039 3504 Ro
1058 3452 1073 3520 l
1088 3455 1124 3506 21

129 3515 161 3571 in
180 3521 284 3579 media
301 3528 456 3600 potestate
475 3527 522 3601 nl
537 3531 575 3584 29
593 3523 755 3599 proloquar
768 3524 794 3574 ἱ
