2392 3862
340 221 657 280 DECLAMATIONES.
676 222 829 282 CCLXVII.
1027 225 1069 290 89

110 387 305 469 vexationis,
324 387 391 451 sive
410 387 451 451 ab
471 385 564 450 iratis
583 385 650 450 siva
670 387 711 451 ab
729 387 858 470 invidis,
876 386 1070 453 immineret.

111 473 226 560 Neque
249 477 334 539 enim
357 476 420 540 iste
440 477 609 540 aecusator
634 473 706 538 odio
731 474 859 540 futurae
884 476 1068 560 tyrannidis

113 564 148 628 in
179 563 333 628 iudicium
366 561 543 645 deseendit,
574 583 634 628 nac
661 561 743 626 mihi
769 564 871 629 ullum
900 565 1069 630 imminere

113 652 295 735 periculum
315 673 354 716 ex
373 673 411 717 eo
431 650 573 734 erimine,
597 651 683 736 quod
701 651 889 736 intentatur,
906 653 1070 739 intellego.

113 744 312 824 quapropter
335 744 368 805 at
390 739 484 804 initio
507 739 647 805 actionis
671 744 705 804 et
726 761 786 822 per
805 761 932 804 omnem
950 742 1104 808 oratio-t

111 849 187 893 nem
218 828 303 893 nihil
334 829 440 912 magis
473 827 656 895 faciendum
688 828 769 892 mihi
803 849 873 893 esse
905 830 1069 916 intellego,

114 938 212 1000 quam
235 920 272 981 ut
293 916 442 982 invocem
464 917 628 1000 publicam
650 916 761 981 fidem:
792 920 830 981 ut
852 916 886 980 id
914 918 999 1001 quod
1022 941 1071 984 re-

112 1004 265 1087 misistis,
287 1006 376 1070 ouius
400 1005 549 1071 oblivisci
573 1005 733 1090 optimum
755 1006 911 1090 putastis,
935 1028 1000 1071 non
1022 1006 1069 1071 in·

112 1098 166 1157 tra
185 1093 282 1158 verba
301 1094 397 1159 modo
415 1093 619 1178 primumque
637 1094 835 1177 promissum
855 1095 992 1178 steterit,
1015 1094 1070 1161 sed

111 1181 241 1266 penitus
264 1182 381 1248 animis
405 1203 442 1247 ae
465 1187 572 1247 mente
594 1181 786 1266 impetrasse
809 1183 929 1249 videar.
1090 1200 1123 1250 10
1160 1220 1163 1224 ·

178 1270 317 1354 Reliqua
341 1271 420 1335 adeo
445 1270 542 1355 longa
566 1293 586 1334 a
609 1271 792 1355 suspicione
817 1271 995 1337 adfectatae
1018 1277 1070 1357 ty·

111 1358 257 1423 rannidis
280 1360 429 1441 aberunt,
451 1363 489 1423 ut
505 1359 640 1443 propius
660 1362 807 1443 spectent
825 1360 866 1424 ad
884 1361 1072 1442 p[osta]rio·

111 1467 182 1510 rum
193 1450 376 1530 temporum
385 1448 630 1531 paenitentiam.
648 1447 800 1513 lacrimas
815 1447 944 1531 quidem
953 1450 1070 1534 †maas

114 1536 142 1598 si
173 1535 225 1600 hio
252 1538 289 1600 in
321 1536 441 1601 iudicio
472 1537 674 1620 temporibus
706 1536 806 1601 etiam
835 1537 870 1601 in
899 1537 962 1602 hac
989 1559 1069 1622 paee

112 1625 354 1707 tranquillitate
381 1624 562 1710 degendum
590 1626 686 1710 est,†
727 1647 799 1690 oum
827 1626 892 1690 sint
915 1627 1070 1692 exorandi
1089 1640 1122 1690 15

112 1712 215 1777 adhue
234 1714 344 1797 animi,
362 1715 541 1779 multorum
560 1713 757 1779 sustinenda·
769 1715 966 1798 malignitas.
988 1715 1069 1780 haec

112 1800 193 1865 mihi
222 1801 331 1866 omnia
360 1824 418 1867 arx
445 1802 532 1867 fecit.
578 1824 619 1866 an
647 1823 706 1886 ego
735 1803 859 1886 possim
885 1824 952 1867 non
983 1804 1069 1885 flare,

113 1889 260 1972 quotiens
284 1892 403 1975 cogito,
426 1912 506 1974 quos
525 1890 695 1956 habuerim
714 1895 875 1974 parentas,
898 1912 996 1974 quam
1015 1891 1069 1955 do-

111 1998 184 2043 mus
206 1979 338 2062 famam,
362 2000 443 2062 quas
467 2000 540 2062 spes
564 1978 802 2043 adulescentiae
824 1978 949 2042 infelici
971 1982 1069 2042 tame-

113 2067 220 2146 ritate,
240 2065 431 2129 damnandis
450 2065 683 2149 cupiditatibus
702 2067 882 2149 averterim,
900 2070 938 2130 ut
956 2065 1070 2150 sentio,
1090 2081 1124 2131 20

113 2154 149 2216 in
180 2151 395 2236 perpetuum?
439 2153 524 2216 nihil
558 2156 608 2216 est
640 2153 740 2236 anim,
780 2153 867 2236 quod
903 2157 1070 2219 accusator

110 2261 203 2306 meus
232 2241 439 2305 simulatione
470 2241 610 2326 quadam
637 2241 705 2322 †ad
729 2243 802 2323 ea†,
825 2263 906 2324 quae
928 2246 1071 2325 praeter-

112 2330 234 2413 ierunt,
267 2329 400 2416 obliqua
428 2330 634 2415 malignitate
662 2330 788 2395 obicere
812 2334 952 2397 conetur.
997 2330 1069 2417 Ego

109 2440 162 2482 me
184 2418 300 2484 facisse
324 2417 410 2504 quod
432 2419 553 2484 nollem
577 2423 610 2483 et
633 2419 715 2503 seio,
745 2419 880 2503 iudicas,
913 2423 946 2485 et
969 2423 1067 2486 eonfi-

70 2528 74 2540 ’
110 2509 194 2596 teor:
227 2510 260 2571 et
288 2506 441 2591 quamdiu
468 2508 592 2591 vixero,
624 2529 751 2594 semper
773 2507 835 2573 boc
858 2508 934 2592 <in>
959 2511 1066 2575 animo
1086 2524 1120 2573 25

111 2594 188 2678 <at>
221 2599 293 2660 tota
324 2600 433 2661 mente
465 2596 657 2662 inhaerebit.
707 2618 811 2680 neque
848 2601 950 2664 tumore
985 2598 1068 2682 illas,

181 2723 197 2771 2
216 2734 267 2772 nec
285 2721 305 2769 B
320 2718 329 2787 ss
342 2717 427 2772 hodia
437 2721 494 2785 ΔΒ,
505 2734 574 2772 corr.
585 2718 624 2772 Pi
636 2719 646 2788 ΙΙ
659 2724 675 2774 8
694 2719 804 2788 putasti
821 2722 841 2770 B
861 2720 865 2787 Ι
881 2717 1000 2792 10<ab>
1010 2719 1067 2772 ani-

109 2786 162 2840 mis
182 2786 234 2842 Sele
261 2789 270 2856 ll
299 2787 584 2858 inauguraras,
611 2789 695 2861 longe
714 2795 825 2858 saepo
889 2796 922 2845 12
941 2789 1068 2860 proprius

108 2858 379 2983 Blpbostabiorum
399 2859 460 2929 Pru
476 2864 580 2914 18-15
596 2860 664 2914 laer.
679 2878 725 2928 qu.
739 2860 837 2914 miras!
858 2860 881 2914 si
899 2861 944 2915 his
962 2860 992 2914 in
1010 2860 1067 2916 iud.

108 2934 155 2984 ete.
201 2931 246 2996 br,
277 2930 345 2984 laer.
364 2947 409 2998 qu.
433 2930 463 2985 in
487 2946 552 2984 aree
569 2929 663 3002 <luda
686 2929 754 2999 quid
772 2930 913 3002 mirum?>
933 2931 957 2986 ai
976 2931 1020 2984 bis
1039 2931 1068 2983 in

108 2999 165 3054 iud.
185 3004 231 3055 ete.
251 2999 303 3055 Ro.
341 3000 417 3056 Mitt
438 3001 584 3056 ridebatur
606 3002 792 3056 scribendum:
819 3002 906 3056 *lacn
926 3019 970 3068 qu.
991 3017 1068 3054 meas

112 3068 249 3144 (arguis)
270 3071 318 3142 [si]
338 3070 385 3124 hic
403 3071 433 3125 in
450 3071 569 3140 iudicio,
596 3072 769 3142 temporibus
788 3070 873 3128 etiam
892 3070 1012 3144 (uris),
1039 3070 1068 3122 in

111 3141 165 3196 bae
183 3158 210 3211 p.
231 3144 260 3197 et
277 3141 496 3210 tranquillitate:
514 3142 638 3197 flandum
656 3145 707 3211 ast,
727 3159 790 3198 oum
808 3151 855 3198 ete.
870 3144 879 3211 ll
895 3147 928 3195 14
946 3141 973 3194 h.
988 3140 1068 3206 parte

107 3213 142 3269 tr.
160 3216 181 3265 B
196 3214 205 3281 ll
220 3217 253 3266 15
272 3212 322 3285 <et
361 3212 567 3282 tranquillitate
590 3215 649 3269 edd.
667 3220 729 3283 post
748 3215 930 3268 Pittoeanom
943 3211 952 3279 ll
967 3214 1000 3263 16
1020 3211 1068 3264 ad·

106 3281 162 3337 buc
180 3282 288 3338 inimici
334 3301 372 3338 aa
395 3285 403 3353 l
428 3289 460 3337 17
480 3286 567 3338 aran
590 3285 600 3353 ΙΙ
621 3300 735 3354 possum
753 3288 801 3337 AB
825 3287 834 3353 ΙΙ
853 3287 887 3336 22
906 3282 942 3336 ad
961 3297 994 3336 aa
1012 3285 1068 3350 AB,

107 3354 167 3407 alta
185 3370 219 3408 ea
238 3359 264 3423 0,
283 3357 312 3409 et
330 3371 364 3408 ea
383 3356 424 3410 Gr
446 3357 456 3424 l
477 3355 684 3424 praeterierat!
709 3358 717 3424 l
740 3361 773 3409 2³
793 3353 878 3419 obliq3
898 3358 933 3413 Δ,
962 3351 1069 3422 obliqui

106 3428 159 3492 Bc,
177 3440 247 3480 corr.
263 3425 363 3498 Gruq
378 3422 892 3496 AlttiudioiumA1125*<in>ll26
911 3423 981 3497 (et)
1000 3423 1073 3495 ΜΗ

107 3494 219 3566 *nequa
239 3495 312 3550 enim
332 3500 402 3550 nc
1092 3516 1148 3636 Ι,Ι
