2392 3862
379 210 813 268 DECLAMATIONES.OOL11.
1029 214 1071 280 33
1151 191 1154 199 '

112 376 320 462 dignationes
342 375 464 439 accedit
483 372 610 439 metus?
633 377 654 456 †
677 374 886 440 manifestum
905 379 983 459 erat,
1005 397 1072 442 nen

110 465 254 530 futuram
292 463 493 529 sacerdotem
531 463 632 526 filiam
664 465 762 528 tuam
808 463 891 528 forte
922 464 1072 549 (dubiis)

110 553 313 638 argumentis
336 552 399 617 hoc
422 550 553 635 colligo,
575 551 676 636 longa
694 554 727 616 et
744 551 869 616 difficili
888 553 1072 618 coniectura

110 642 314 726 probandum
332 643 427 724 puto:
449 639 575 705 locutus
599 643 649 704 est
671 641 818 723 populus.
851 641 879 704 si
897 640 963 706 alia
977 663 1073 725 quae·
1144 675 1146 679 ·

110 752 248 814 cumque
268 728 350 793 mihi
369 728 458 792 fama
474 728 675 793 defendenda
688 727 783 812 foret,
801 727 940 794 dicerem
953 733 1072 814 tamen,
1092 745 1108 794 5

111 819 245 884 iudices:
264 839 333 882 rem
352 838 422 882 esse
439 816 596 881 miraculo
616 816 765 900 similem,
785 817 871 900 quod
890 839 963 882 curn
977 820 1073 903 pauci

111 908 153 972 ad
183 927 242 971 vos
274 909 375 970 testes
402 905 637 989 producuntur,
667 905 745 969 fidei
771 908 900 970 vestrae
930 907 1072 991 iurisque

111 994 241 1059 iurandi
258 995 338 1059 satis
353 993 460 1059 idonei
475 998 623 1059 auctores
636 993 812 1077 habentur,
832 995 982 1081 quotiens
996 1017 1072 1060 vere

114 1083 256 1148 civitatis
284 1082 461 1148 universae,
481 1103 658 1148 consensus
686 1086 720 1147 et
747 1104 871 1166 omnes,
900 1084 954 1167 qui
986 1083 1073 1148 intra

111 1172 197 1236 hanc
220 1171 336 1236 sedem·
353 1175 438 1253 sunt,
460 1193 560 1235 unum
585 1170 708 1255 aliquid
722 1175 909 1255 certumque
924 1171 1073 1256 dixerint,
1093 1189 1126 1238 10

111 1281 223 1325 rumor
246 1261 389 1325 vocatur.
427 1260 461 1325 in
488 1259 561 1324 aliis
583 1259 721 1324 fortasse
743 1259 813 1324 falli
835 1260 901 1324 ista
923 1264 1073 1344 possunt:
1115 1263 1118 1268 '

111 1351 223 1432 utique
241 1369 354 1412 verum
377 1347 456 1411 dicit
478 1346 575 1430 fama,
598 1369 681 1432 quae
704 1348 743 1411 de
763 1370 797 1413 se
815 1347 969 1432 loquitur.
1001 1350 1073 1433 quis

111 1437 199 1500 enim
222 1435 439 1519 loquebatur?
462 1436 610 1520 populus.
655 1437 694 1501 de
717 1458 782 1520 qua
803 1437 860 1501 re?
891 1458 989 1520 quam
1010 1438 1074 1502 fae-

112 1527 207 1589 turus
240 1528 308 1589 erat
335 1524 485 1608 populus.
535 1546 608 1590 eum
638 1524 677 1589 de
700 1525 841 1590 comitiis
865 1526 1075 1591 consentiunt

111 1634 270 1697 rumores,
294 1613 333 1677 de
362 1634 396 1678 se
424 1613 561 1698 quisque
584 1612 676 1697 dicit,
698 1613 795 1678 »haec
817 1613 905 1678 fietr:
937 1613 1000 1681 hoc
1023 1618 1074 1680 est
1093 1631 1126 1679 15

111 1702 227 1785 dicere,
249 1702 349 1766 »hanc
372 1701 516 1767 faciam«.
561 1723 628 1767 non
651 1706 701 1766 est
723 1702 788 1768 ista
809 1702 912 1766 fama:
941 1704 1074 1768 comitia

111 1793 196 1854 sunt
234 1789 349 1874 Neque
372 1793 431 1869 est,
454 1790 539 1876 quod
562 1791 686 1874 mirari,
710 1791 809 1875 dives,
832 1793 889 1855 aut
911 1791 1074 1876 indignari

110 1878 206 1960 velis,
238 1879 273 1943 in
296 1879 437 1944 comitiis
459 1880 533 1964 plus
563 1899 659 1963 saepe
682 1900 840 1963 pauperes
864 1900 974 1962 posse:
1007 1902 1074 1944 non

111 1968 222 2030 omnia
245 1969 383 2050 possunt
401 1988 478 2051 opes
496 1970 635 2049 vestrae,
658 1989 762 2051 neque
780 1968 817 2031 in
836 1967 969 2050 eunctis,
992 1989 1073 2051 quae

110 2055 287 2117 humanam
310 2055 478 2118 continent
499 2055 613 2136 vitam,
635 2055 766 2119 domina
788 2056 923 2137 pecunia
941 2058 1000 2120 est.
1030 2055 1074 2119 la·
1092 2072 1126 2121 20
1151 2066 1157 2079 '

110 2143 177 2205 tius
210 2141 420 2224 possidebitis
454 2145 486 2206 et
515 2143 751 2207 numerosiores
780 2141 918 2207 familias
947 2147 1073 2226 vestras

110 2228 323 2314 ignorabitis,
354 2249 507 2315 magnam
538 2232 665 2314 partem
693 2230 836 2295 civitatis
871 2231 1075 2314 occupabunt

80 2328 83 2334 “
111 2319 226 2383 domus
250 2321 386 2401 vestrae,
416 2319 529 2404 ingens
553 2319 678 2402 pondus
704 2319 832 2403 argenti
855 2320 1074 2404 praestringat

111 2406 237 2490 oculos3
269 2407 326 2471 sed
357 2405 438 2492 haec
470 2407 558 2471 intra
589 2406 751 2491 privatum
783 2408 906 2472 valent:
939 2416 1011 2474 euni
1038 2410 1073 2473 in

112 2495 277 2578 publicum
307 2496 462 2560 veneritis
495 2499 529 2560 et
556 2495 590 2560 in
614 2518 774 2581 campum,
801 2496 1001 2580 spectabitur
1027 2497 1073 2562 in-
1093 2514 1126 2562 25

111 2584 271 2667 nocentia,
294 2583 383 2648 fides.
412 2584 553 2649 forsitan
575 2585 701 2667 gratiae
725 2605 851 2668 quoque
873 2606 942 2650 non·
958 2607 1074 2671 parum

111 2673 207 2736 nobis
236 2671 341 2736 adfert
369 2672 441 2756 ipsa
463 2672 620 2757 tenuitas,
651 2672 708 2738 ubi
734 2672 892 2761 tabellam
915 2694 1073 2758 pauperes

111 2760 233 2844 ferunt3
252 2765 323 2825 tum
338 2760 427 2825 subit
440 2760 539 2825 tacita
558 2782 716 2845 quemque
731 2761 888 2846 cogitatio
903 2762 1074 2845 superbiae

111 2852 251 2931 vestrae,
272 2852 344 2912 tum
367 2847 525 2932 omnium,
553 2871 634 2933 quas
659 2850 795 2932 singulis
817 2849 940 2932 facitis,
962 2850 1074 2915 iniuri-

111 2958 212 3000 arum.
267 2939 412 3001 attamen
445 2937 480 3000 in
515 2937 645 3021 ceteris,
681 2940 828 3021 petentes
861 2939 1072 3027 magistratus
1091 2956 1126 3005 30

149 3064 162 3110 1
183 3056 285 3112 accidit
303 3061 347 3109 Bc
361 3059 371 3126 ΙΙ
384 3056 632 3130 2*<dubiis>arg.;
643 3058 716 3113 forte
725 3056 865 3130 <calidius
875 3060 915 3113 cel
926 3057 1075 3130 cupidius>

111 3144 171 3197 arg.
190 3128 233 3182 Rc
253 3131 263 3198 l}
283 3129 337 3183 31.
357 3127 521 3197 difficilique
540 3128 610 3183 coni.
630 3132 731 3194 Aello,
751 3131 769 3183 l.
789 3131 818 3183 et
837 3128 947 3184 difficili
965 3144 983 3182 a
1001 3130 1074 3184 coni.

110 3204 151 3250 Ab
165 3202 175 3267 l
189 3205 205 3252 3
223 3199 301 3253 fama
318 3199 388 3253 mihi
405 3203 478 3266 3117
499 3199 564 3268 quia
582 3200 648 3255 fidei
665 3206 707 3253 Aa
720 3202 728 3268 ll
742 3199 850 3269 iurique
869 3199 987 3254 iurando
1006 3197 1076 3272 dcliii

112 3273 297 3324 8autoresc
324 3273 334 3339 ΙΙ
362 3276 394 3324 13
413 3287 473 3324 rem
490 3276 538 3338 Aa,
557 3288 607 3325 reu
625 3276 665 3324 sb
686 3273 696 3342 ΙΙ
725 3278 757 3325 17
777 3275 865 3326 neec
892 3272 901 3340 ll
929 3270 1075 3342 indignare

110 3343 230 3409 Aanls
248 3341 312 3410 plus
332 3358 440 3410 semper
458 3358 485 3410 p.
504 3343 595 3408 31119
614 3345 730 3411 possent
747 3347 800 3407 Aa,
819 3343 910 3411 pritB
932 3343 941 3411 l
960 3347 994 3397 23
1012 3359 1071 3412 per·

111 3411 232 3481 stringet
250 3416 297 3464 AB
310 3413 320 3480 ΙΙ
334 3416 368 3465 25
387 3412 497 3466 veneris
515 3417 562 3470 AB
576 3414 586 3482 ll
600 3419 633 3467 29
654 3429 738 3481 quam
757 3416 817 3480 AB,
837 3429 892 3481 qua
910 3413 939 3468 in
959 3419 985 3480 c,
1005 3429 1074 3469 cerr.

112 3481 149 3534 Pi
165 3485 174 3550 l
192 3483 275 3536 factis
294 3488 340 3535 Ac
358 3485 368 3551 ΙΙ
386 3481 516 3535 iniuriam
536 3487 583 3535 AB
597 3487 607 3552 ΙΙ
621 3489 654 3538 30
674 3499 707 3537 ac
724 3485 820 3537 tamen
839 3488 861 3535 Δ

167 3579 307 3630 Quintiliani
322 3581 386 3630 decl,
401 3579 435 3621 ed.
450 3580 531 3620 Rittcr.
905 3579 926 3628 ’3
