2392 3862
163 215 227 280 142
528 214 758 280 QUINTILIANI
841 222 848 231 “

159 380 228 444 iure
239 381 303 446 alio
311 379 518 445 manifestum
528 380 622 462 foret,
631 379 666 442 in
674 378 736 444 hae
745 376 968 462 legs<ctiam>
976 381 1126 461 apertius

161 474 218 533 ost.
264 469 341 553 quid
364 469 450 533 enim
474 468 574 533 dicit?
618 473 730 550 rapta
759 468 931 549 raptoris
954 470 1121 533 mortem

158 557 220 622 vel
243 558 401 640 nuptias
426 560 552 641 optet.¹
578 560 696 620 neutra
719 576 770 619 rer
795 559 853 637 est,
878 575 975 638 quam
999 555 1122 622 differri

159 650 323 729 oporteat:
349 648 416 712 sive
437 647 543 711 'isest
565 649 686 727 raptor,
710 645 766 728 qui
789 664 927 728 poenam
950 648 1126 729 mereatur,

124 751 225 800 cnon
248 739 390 799 meretur
414 733 673 813 advocationem
699 733 768 796 sive
786 733 969 817 ignoscitur
986 734 1126 817 raptori,

158 843 225 886 non
252 823 371 888 debent
396 824 517 887 habere
544 842 669 886 moram
696 821 829 904 nuptiae
857 820 910 884 vel
938 821 1125 887 incohatae

159 909 195 975 Si
217 916 345 977 tantum
368 933 434 976 non
458 910 569 976 statim
593 909 752 993 educeres,
782 908 863 973 haec
885 907 1016 973 fortiter
1039 909 1125 975 dioe-⁴

158 1006 283 1064 rentur:
307 1022 392 1064 nunc
416 1000 549 1065 educere
572 999 622 1062 vis
645 1000 723 1082 post
744 998 886 1080 nuptias.
926 1002 1036 1063 utrum
1058 998 1121 1083 igi·

159 1093 214 1152 tur
236 1090 305 1153 iure
328 1089 418 1171 prius
442 1110 484 1152 an
508 1088 670 1172 aequitate
693 1085 873 1150 consistes?

106 1193 139 1242 10
173 1195 177 1203 ²
225 1176 280 1241 Ius
310 1178 382 1261 ipsa
409 1176 492 1262 legis
519 1176 682 1260 positione
705 1174 914 1239 manifestum
938 1179 997 1240 est.
1023 1197 1123 1240 *nam

158 1286 230 1329 oum
258 1270 387 1350 raptam
415 1265 506 1330 educi
533 1266 567 1329 in
595 1264 658 1329 hoc
685 1264 809 1347 iubeat,
841 1269 879 1326 ut
905 1269 1044 1328 mortem
1067 1265 1121 1330 vel

156 1355 287 1437 nuptias
311 1358 415 1438 optet:
439 1352 613 1418 manifesto
637 1351 790 1431 ostendit,
813 1373 886 1416 eam
909 1351 1001 1416 educi
1025 1374 1119 1435 opor·

156 1445 238 1524 tere,
266 1443 317 1506 oui
340 1447 513 1526 utrumque
536 1441 676 1506 liberum
699 1441 751 1505 sit.
792 1439 966 1505 Praeterea
988 1440 1055 1506 iam
1077 1463 1123 1505 ne·

155 1535 269 1614 raptae
296 1530 426 1613 quidem
453 1551 571 1595 nomen
598 1529 718 1594 habere
751 1534 873 1612 potest,
906 1550 988 1616 quae
1015 1536 1119 1614 nupta

104 1635 137 1684 15
157 1623 214 1683 est.
255 1617 351 1682 sicuti
373 1639 492 1683 nomen
515 1617 715 1702 pupillorum
738 1617 886 1704 legitimo
910 1623 1058 1702 tempore
1080 1619 1117 1682 fi-

154 1706 259 1790 nitur3
279 1705 363 1770 sicut
382 1707 496 1771 orbam
512 1728 606 1771 nomo
626 1711 703 1790 post
720 1706 852 1790 nuptias
872 1706 1002 1789 dixerit3
1022 1707 1133 1772 sicuti*

156 1795 292 1878 virginis
325 1795 579 1879 appellationem
610 1816 675 1859 nox
692 1794 767 1859 'illa
801 1795 962 1860 maritalis
996 1796 1120 1860 aufert:

154 1885 202 1948 ita
225 1906 266 1948 ne
289 1888 385 1969 rapta
408 1883 537 1969 quidem
560 1883 624 1948 dici
646 1888 764 1968 potest,
787 1905 869 1967 quae
889 1884 1042 1949 maritum
1059 1883 1120 1950 ha-

155 1970 232 2037 bere
256 1973 371 2058 coepit.
404 1973 481 2037 licet
503 1973 605 2058 igitur
627 1975 741 2057 raptae
761 1972 958 2058 permissum
977 1972 1021 2036 sit
1039 1994 1118 2058 quo·

102 2078 136 2129 no
156 2084 291 2146 cumque
314 2067 460 2147 tempore
484 2067 610 2147 optare,
637 2065 758 2147 nuptae
785 2065 900 2144 optare
922 2061 1119 2145 permissum

153 2156 301 2216 nonest.

220 2238 309 2305 Haec
334 2261 372 2302 ex
396 2239 468 2324 lege
492 2237 665 2304 manifesta
688 2242 776 2319 sunt,
798 2237 858 2301 illa
880 2259 918 2302 ex
942 2238 1117 2323 aequitate.

152 2328 245 2390 Ante·
264 2327 374 2392 omnia
396 2347 461 2390 nou
484 2332 553 2392 tam
577 2326 691 2405 duram
714 2346 784 2390 esse
808 2325 860 2391 lex
884 2325 989 2391 voluit
1006 2327 1116 2392 condi-

153 2414 288 2491 cionem,
313 2419 351 2478 ut
374 2435 501 2496 semper
522 2421 637 2496 raptor
659 2414 837 2497 puniretur.
868 2415 941 2480 ideo
965 2417 999 2479 et
1020 2415 1118 2481 miss·

99 2517 133 2567 no
153 2501 312 2566 ricordiae
335 2501 443 2567 locum
464 2501 550 2565 lecit.
585 2505 618 2565 et
641 2500 760 2566 idcirco
779 2502 845 2569 iam
863 2524 931 2569 non
949 2503 990 2568 ad
1007 2503 1116 2588 ipsum

151 2589 394 2672 tantummodo,
429 2590 484 2674 qui
516 2589 638 2674 rapuit,
670 2591 727 2655 sed
759 2591 908 2677 <magis>
940 2591 1040 2657 etiam
1073 2591 1118 2657 sd

150 2699 233 2760 eum,
257 2678 312 2761 qui
339 2676 443 2762 duxit,
470 2679 626 2763 pertinet,
653 2679 708 2764 qui
738 2683 824 2745 certo
846 2679 931 2745 nihil
958 2681 1117 2765 peccavit,

150 2766 206 2849 qui
244 2770 330 2830 certe
367 2788 496 2831 manere
534 2767 650 2851 potuit.
703 2764 775 2834 Hoc
812 2768 884 2835 loco
917 2769 999 2834 mihi
1030 2768 1115 2833 illud-

152 2854 342 2938 opponitur,
371 2876 438 2919 non
469 2856 615 2940 potuisse
647 2862 723 2921 ante
755 2857 845 2922 educi
878 2879 961 2923 eum.
1012 2855 1117 2932 Quasi

96 2959 132 3010 so
150 2964 228 3007 vero
245 2943 377 3007 intersit
396 2965 522 3029 causae,
541 2966 605 3028 qua
623 2945 748 3010 ratione
767 2946 818 3011 ius
832 2946 999 3012 interierit
1021 2967 1117 3033 „pro-

223 3144 236 3189 1
256 3133 385 3209 (ctiam)
398 3135 443 3191 Rc
455 3141 496 3204 na
515 3154 560 3206 op.
580 3135 637 3191 suis
656 3137 715 3191 eivs
733 3141 753 3188 1²
767 3137 776 3206 ll
788 3140 943 3192 mereretur
960 3138 1023 3193 adr.
1037 3141 1118 3208 ΡΠ

149 3210 204 3263 hoc
222 3212 270 3260 ΔΒ
285 3208 295 3276 ΙΙ
308 3207 475 3262 ducerentur
492 3211 513 3258 B
531 3209 542 3277 u
563 3213 597 3261 13
616 3206 740 3262 libeni
757 3212 781 3260 Δ
793 3208 804 3277 l
818 3214 852 3262 14
869 3211 936 3290 post
952 3212 1044 3278 Pfllb
1061 3227 1112 3264 nu·

148 3296 213 3333 men
231 3283 252 3330 B
278 3282 287 3348 ll
311 3283 344 3331 19
362 3278 471 3348 raptori
488 3281 509 3331 Β
532 3281 541 3348 l
563 3283 598 3333 25
616 3276 732 3333 idicirco
750 3282 803 3347 Aa,
825 3279 928 3334 iccirco
945 3284 980 3347 Β;
998 3282 1116 3348 mosoc

149 3349 247 3404 *adies
266 3348 342 3418 quod
359 3350 369 3420 fl
387 3355 421 3404 26
440 3347 573 3422 (magis)
591 3348 645 3404 scu
664 3350 1039 3420 (015143,22)ll27'eduxit
1055 3355 1115 3421 ΑΒ,

152 3437 214 3474 eam
244 3420 325 3474 duxit
351 3420 406 3475 sa
432 3420 441 3488 l
468 3425 503 3475 28
522 3437 549 3488 q.
570 3436 592 3475 c.
611 3419 684 3474 nihil
709 3435 823 3476 manere
849 3425 903 3489 Aa,
932 3439 962 3490 q.
982 3438 1005 3477 o.
1023 3438 1117 3477 rema·

147 3508 212 3546 nere
230 3494 251 3541 Β
