2392 3862
165 197 207 263 68
532 194 763 263 QUINTILIANI

163 362 268 425 malos
292 363 403 445 patres
425 359 622 443 putavimus.
661 358 747 443 quod
770 357 900 443 quidem
922 356 1134 424 animaduer-

164 449 249 514 sioni
280 453 331 513 sat
354 453 416 527 est,
448 448 594 531 pendunt
615 468 738 532 poenas
762 466 981 533 magnumque
1002 446 1136 532 suppli·

164 538 249 602 cium
279 537 389 601 miseri
412 536 516 603 luunt.
553 558 596 602 an
618 557 676 600 vos
699 536 735 601 in
757 535 819 601 hoc
842 535 972 600 demum
993 534 1134 602 creditis

166 625 371 709 (expletam)
392 630 561 710 paternam
581 624 901 706 animadversionem,
924 624 953 689 si
972 624 1134 709 esurierat,

131 715 194 784 osi
218 714 328 799 inopia
351 714 495 779 omnium
518 713 669 779 deficiant
691 718 790 797 atque
812 711 1004 778 tabescant?
1042 712 1133 778 illud

165 824 279 887 parum
299 807 358 886 est,
379 803 488 868 notari
506 801 663 868 infamia?
686 800 769 866 illud
786 823 903 885 parum
922 804 982 886 est,
1000 801 1134 867 exulem

165 912 236 956 esse
259 892 373 957 domus
398 913 483 975 suae,
511 892 617 956 lerum
643 889 798 956 suorum?
821 911 906 956 nuno
925 911 983 956 vos
1001 891 1133 974 putatis

164 1002 234 1045 esse
262 980 390 1045 felicem
421 1000 616 1065 quemquam
641 979 759 1044 horum
787 983 844 1044 aut
872 977 1033 1044 hilarem?
1074 998 1132 1045 ex·

162 1069 308 1152 periatur
336 1068 455 1152 aliquis
483 1072 515 1133 et
542 1071 679 1134 revocet.
724 1067 769 1132 Et
796 1068 877 1133 haee
905 1065 1050 1153 quidem,
1080 1067 1134 1133 iu·

112 1179 146 1228 10
164 1157 260 1241 dices,
283 1156 372 1221 duris
396 1160 494 1241 atque
520 1157 644 1241 asperis
661 1157 821 1241 patribus,
843 1156 903 1220 illa
920 1156 1133 1223 maioribus:

164 1245 322 1329 asperari,
352 1245 459 1329 inquit
482 1246 678 1329 adulescens,
707 1245 851 1331 aliquam
873 1245 1002 1328 inpetus
1027 1245 1133 1311 vestri

163 1334 407 1418 paenitentiam
452 1334 573 1400 credidi
600 1333 758 1418 futurum,
789 1336 826 1398 ut
853 1332 1027 1417 aliquando
1060 1354 1134 1399 suc·

165 1427 330 1488 currerent
365 1422 461 1488 initia
495 1423 667 1502 infantiae,
704 1421 927 1488 blandimenta
960 1421 1132 1506 pueritiae.

165 1512 328 1577 reservavi
353 1511 438 1575 filios
465 1511 591 1577 indiciis
619 1512 736 1577 vestris
760 1514 802 1595 et,
829 1511 859 1575 si
883 1509 1011 1596 quando
1035 1510 1133 1595 igno·

114 1621 146 1669 15
166 1599 312 1683 seeretis,
338 1599 373 1663 in
403 1600 530 1685 integro
551 1599 662 1665 habui.
707 1621 781 1682 vos,
808 1599 989 1665 aestimatis
1012 1599 1135 1686 causes,

165 1691 299 1770 propter
322 1709 401 1771 quas
424 1688 611 1773 expulistis,
634 1690 663 1754 si
686 1688 903 1770 erede[re]tis:
926 1687 1031 1752 »satie
1055 1709 1136 1772 poe-

165 1797 280 1840 narum
300 1775 491 1843 dederuntr:
514 1796 575 1862 ego
594 1776 675 1843 illud
693 1781 833 1862 praesto,
853 1775 936 1842 illud
956 1778 1135 1860 promitto:

165 1864 271 1929 anihil
292 1869 407 1950 postea
429 1867 571 1952 turpiter
592 1865 765 1932 feserunt«

231 1953 282 2019 Ne
314 1958 424 2020 tamen
454 1955 590 2020 nimium
617 1956 737 2020 iactare
766 1958 863 2039 atque
892 1953 1056 2036 imputare
1084 1954 1136 2019 vi-

115 2064 149 2112 20
169 2043 293 2128 deatur,
320 2043 414 2108 illum
445 2062 575 2129 quoque
607 2042 847 2109 misericordiae
865 2060 953 2105 'suae
983 2040 1136 2108 ordinem

169 2133 402 2198 confitebimur.
443 2154 554 2215 sunus,
582 2132 704 2217 inquit,
729 2131 794 2196 fuit
815 2130 936 2214 primo,
963 2129 1019 2214 qui
1043 2131 1137 2198 solti-

168 2223 284 2287 citaret
307 2221 391 2287 hanc
412 2223 549 2287 nimiam
571 2221 813 2303 liberalitatem,
838 2217 982 2302 aequalis
1006 2218 1137 2305 alioqui

169 2313 202 2371 et
228 2310 264 2372 in
287 2310 402 2374 studiis
425 2328 534 2374 eomes
558 2311 591 2372 et
612 2309 647 2372 in
670 2307 804 2374 lusibus.
846 2307 899 2371 hio
921 2306 1001 2372 fecit
1023 2328 1137 2374 exom-

169 2396 273 2479 plum:
297 2419 394 2462 ausus
418 2401 468 2462 est
490 2415 609 2479 rogare
631 2395 810 2480 proximus3
839 2416 899 2461 nec
922 2395 1025 2461 adhue
1048 2395 1137 2463 illud

115 2503 150 2552 no
171 2504 341 2549 onerosum
373 2485 568 2568 patrimonio
601 2485 780 2551 videbatur.
832 2483 908 2549 inde
939 2483 1048 2549 factus
1080 2489 1138 2551 est

169 2572 261 2656 ord03
290 2577 323 2638 et
350 2573 416 2637 iam
439 2573 546 2659 legem
569 2573 651 2639 mihi
673 2573 785 2640 videor
806 2573 926 2638 dixisse
950 2573 1136 2639 misericor·

169 2662 249 2726 diae.
295 2662 347 2727 cui
368 2662 545 2747 negarem?
569 2674 679 2729 'omnes
703 2661 789 2727 idem
812 2661 989 2748 rogabant,
1015 2680 1135 2730 omnus

168 2752 253 2815 idem
282 2752 494 2836 excusabant,
521 2772 632 2817 omnes
660 2750 747 2816 idem
777 2749 1022 2836 pollicebantur.
1067 2770 1136 2836 ago

168 2861 259 2924 vero,
287 2840 407 2925 inquit,
430 2840 584 2925 quamdiu
606 2840 704 2905 fuerit
727 2839 788 2905 hoc
811 2839 1059 2924 patrimonium,
1078 2839 1136 2905 aio

242 3057 256 3105 1
276 3048 525 3106 animadversionis
544 3050 624 3105 adest
640 3054 661 3103 B
681 3052 690 3120 11
708 3055 725 3103 4
744 3048 942 3122 ⁸<expletam>
954 3050 994 3118 16
1012 3047 1086 3104 illud
1104 3068 1135 3121 p.

169 3140 192 3176 e.
212 3143 239 3177 n.
258 3120 376 3177 infamia
393 3137 442 3176 om.
460 3122 535 3205 11116
553 3138 672 3197 parvum
689 3124 710 3173 B
729 3121 768 3191 119
788 3124 817 3176 et
833 3135 884 3175 om.
899 3123 920 3172 B
934 3122 943 3190 11
959 3125 992 3174 10
1010 3117 1137 3204 meliorne

169 3198 226 3259 ΑΒ,
245 3210 315 3248 corr.
335 3192 401 3258 Sat,
429 3191 559 3247 molliora
572 3197 673 3248 bactu
690 3193 786 3247 lauert.
806 3208 851 3260 cp.
871 3191 929 3246 Aer
950 3192 960 3261 l
983 3191 1137 3247 1481111-

83 3311 86 3317 .
169 3263 319 3389 quqinplq}
333 3265 391 3386 ll}
409 3278 510 3388 qanqqs
528 3266 585 3389 tB’
603 3261 728 3388 cthrglo
740 3265 799 3388 1416
819 3260 995 3388 οέξᾷθῂοῇξ
1012 3260 1135 3388 ngqlfll

168 3350 413 3528 qroimmeliqnpfi,
431 3335 500 3462 otro
520 3349 665 3476 qeqqaffi
684 3337 835 3460 miseruliiab
853 3349 956 3473 iiiiii
975 3334 1137 3461 struatis

169 3493 229 3547 rog.
248 3492 298 3532 ora.
