2392 3862
297 232 612 292 DECLAMATIONES.
633 235 872 296 cocnxxxvffl.
998 240 1062 304 441

505 396 676 465 SERMO.

176 519 215 583 ln
237 523 374 585 matrem
397 525 430 587 et
451 522 508 588 ille
532 520 646 589 Cicero
670 523 765 591 dixit:
788 527 915 590 »meter
939 526 1024 591 enirn
1048 548 1067 591 a

110 630 172 690 me,
195 610 326 673 tametsi
349 611 384 675 in
406 609 492 677 hune
515 611 630 676 hostili
653 612 727 678 odio
748 617 780 678 et
799 613 988 679 erudelitate
1008 618 1066 698 est,

111 699 223 779 meter,
245 696 388 783 inquam,
411 699 658 783 appellabitur«
681 700 742 766 sub
760 702 822 767 hoo
840 705 951 767 tamen
968 703 1066 768 titulo

110 784 297 850 insidiatam
318 787 388 852 filio
411 786 489 852 dicit
512 789 676 873 quaesisse
698 790 851 875 pericula,
873 795 910 856 ut
932 791 992 855 filii
1016 790 1067 855 sui
1086 807 1102 858 5

110 873 196 938 bons
219 877 325 939 sector
347 875 536 960 possideret.

420 1051 757 1120 DECLAMATIO.

177 1175 270 1242 Nihil
289 1177 419 1260 quidem
437 1176 524 1242 ultra
541 1176 622 1242 haeo
635 1177 815 1242 timendum
829 1178 900 1261 fuit,
920 1181 953 1243 et
971 1200 1068 1264 supra

110 1263 206 1330 fidem
230 1266 338 1330 laesus
362 1267 420 1329 est.
447 1265 606 1351 gratulari
624 1268 735 1331 temen
753 1266 815 1331 tibi
832 1267 918 1332 inter
937 1268 1069 1333 celemi-

111 1349 196 1419 tstes
218 1357 302 1437 tues,
326 1357 468 1438 eruente,
491 1374 633 1438 possum,
657 1354 743 1441 quod
762 1355 835 1420 avio
854 1354 995 1421 secunda
1012 1355 1067 1420 he·
1087 1373 1121 1421 10

111 1464 163 1508 res
186 1463 253 1507 non
274 1441 346 1508 fnit.
382 1443 486 1507 multe
509 1445 594 1527 sunt,
618 1464 701 1527 quse
724 1442 868 1508 animum
890 1447 984 1509 tuum
1007 1445 1068 1508 sol-

111 1531 250 1596 licitent:
283 1530 425 1617 ingentis
454 1530 646 1615 patrimonii
673 1530 850 1617 hereditas,
882 1535 915 1597 et
937 1532 1068 1617 gravior

110 1619 337 1703 possessionis,
359 1641 457 1704 quarn
480 1619 550 1702 spei
572 1619 696 1685 iactura
720 1623 783 1685 est:
807 1625 840 1686 et
862 1620 917 1685 diu
940 1642 1013 1685 eum
1031 1640 1070 1685 es

111 1706 210 1779 fuisti.
256 1707 315 1772 illa
343 1711 450 1773 tecum
478 1707 598 1794 (habeo
621 1705 760 1794 eertum)
784 1709 925 1795 cogitas,
948 1710 999 1774 »si
1021 1730 1069 1773 re-

113 1795 208 1881 oipio,
227 1796 322 1862 duoet
334 1817 478 1881 uxorem,
497 1818 593 1881 quem
612 1795 752 1861 fortasse
767 1798 923 1861 cariorem
941 1796 1070 1881 hebeat,
1091 1812 1124 1861 15

113 1905 211 1968 quam
238 1888 408 1949 matrem<
454 1905 531 1968 ergo
562 1884 632 1950 sols
662 1884 772 1949 obstat
800 1884 989 1968 patrimonii
1019 1905 1070 1948 eo·

137 1973 239 2038 tatio.

112 1993 146 2058 gl
180 2058 210 2123 A
233 2060 348 2144 piratis
372 2059 551 2143 dimissum,
575 2082 595 2124 a
617 2058 750 2124 fortune
775 2096 813 2106 -
840 2081 859 2125 o
882 2063 924 2144 te,
946 2061 1070 2146 liberte,

111 2148 346 2215 inofficiosuml
364 2184 408 2194 -
429 2147 587 2213 reduxisti
608 2170 676 2214 non
699 2147 740 2213 sd
763 2147 930 2234 imagines,
954 2149 1011 2214 sed
1032 2154 1070 2215 ut

111 2237 245 2322 propius
270 2237 423 2303 emissem
446 2236 638 2322 dignitatem
662 2235 830 2320 aspiceret.
866 2237 1001 2320 retiam,
1023 2237 1070 2302 in·
1090 2253 1124 2301 20

114 2327 194 2412 quit,
212 2325 379 2392 fortunam
393 2346 499 2391 meam
512 2333 694 2390 noveram<
716 2346 783 2390 non
802 2328 860 2408 est,
878 2347 967 2410 puer,
986 2326 1071 2411 quod

115 2436 188 2480 oum
218 2414 338 2480 liberto
371 2414 530 2500 quereris:
568 2414 678 2480 omnia
706 2414 768 2479 tibi
794 2413 911 2498 reddit,
942 2417 1071 2498 praeter

113 2508 259 2568 matrem.

186 2686 268 2749 nepo.
299 2678 333 2746 of.
361 2676 417 2734 Gir.
441 2693 492 2746 pro
518 2676 554 2731 A.
580 2677 704 2732 Cluentio
728 2676 754 2731 V
776 2677 848 2749 §12
877 2678 950 2732 Nem
979 2676 1073 2732 Sessio

115 2753 207 2806 mater
220 2749 303 2805 huius
318 2747 408 2804 Aviti:
428 2749 519 2802 meter
533 2747 607 2802 enIm
622 2763 640 2802 a
653 2763 697 2801 me
712 2746 743 2801 in
756 2748 835 2803 omni
849 2764 940 2818 oense,
959 2746 1074 2803 temetsi

114 2823 146 2877 in
163 2823 237 2877 huno
254 2819 353 2875 hostili
372 2818 437 2875 odIo
456 2819 486 2873 et
504 2817 670 2873 erudelitate
689 2819 747 2886 est,
766 2819 865 2887 mater,
883 2819 1006 2888 inquam,
1025 2833 1074 2887 ep·

113 2892 268 2965 pellabitnr
289 2893 299 2962 d
321 2895 337 2946 8
356 2889 445 2960 ultre]
464 2891 562 2944 eontra
579 2893 600 2941 B
617 2890 628 2957 ΙΙ
648 2895 680 2943 12
705 2889 804 2959 ingens
822 2891 870 2960 1²11
890 2895 923 2944 14
941 2889 996 2943 fuir
1013 2892 1072 2957 AB,
1097 2951 1100 2957 ι

114 2981 183 3021 corr.
203 2963 256 3019 doh
269 2965 279 3032 I
293 2964 400 3016 eertum
417 2958 509 3014 habeo
527 2960 571 3028 ΒΙΙ
587 2965 619 3014 19
640 2975 706 3014 nam
727 2959 883 3030 dimsgines
903 2963 944 3012 Aa
963 2960 1072 3082 ipsse.

114 3035 227 3105 praeter
240 3035 361 3088 matrem
374 3030 462 3085 hebet
470 3029 613 3099 hueusque
624 3030 829 3086 controversiis
838 3046 953 3085 numero
984 3028 1046 3082 XLI

114 3112 139 3163 et
166 3106 264 3161 deinde
287 3103 374 3158 literis
396 3101 557 3160 maiusculis
583 3099 645 3155 ΗΙΟ
673 3100 741 3154 ΙΑΜ
767 3100 903 3155 INCIPIT
932 3095 1074 3154 SENECA

113 3192 242 3249 nnomr
262 3173 416 3245 errore&
430 3186 622 3242 rnmomnn
641 3190 686 3258 (cf.
701 3189 833 3260 prosp.)
852 3191 875 3240 r

488 3403 701 3413 ψ-
