2392 3862
348 218 663 277 nasammonas.
686 217 803 276 conv.
1016 221 1059 296 41

101 386 276 466 contraque
307 403 391 467 eam,
421 403 504 466 quae
526 381 612 447 hune
635 383 670 447 in
693 382 824 446 exilium
847 381 960 447 misit?
995 404 1061 448 non

100 473 169 536 iure
192 493 287 555 novo,
317 470 374 536 sed
397 477 507 536 vetere
531 474 627 554 atque
651 471 730 536 olim
753 470 931 536 constituto
955 492 1060 537 rever-

101 582 155 625 sus
175 564 234 645 est,
253 581 384 625 manere
400 560 501 624 etiam
515 559 597 624 eitra
615 559 699 623 hane
717 560 922 644 rogationem
941 563 1060 643 potest.
1125 602 1128 613 ‚

100 649 139 713 de
161 670 224 732 quo
242 649 432 734 priusquam
451 649 576 732 loquar,
597 648 781 712 necessario
798 647 889 732 illud,
913 648 999 732 quod
1018 649 1060 713 ab

100 736 296 803 adversariis
323 736 583 820 frequentissime
611 737 776 801 obiectum
804 740 867 819 est,
899 736 1097 820 depellens

101 826 177 891 dum
191 826 326 891 videtur.
358 823 443 909 „Cur
466 825 561 909 enim,
584 824 745 909 inquiunt,
767 825 795 889 si
818 844 983 889 remanere
1003 847 1061 890 suo

99 915 169 979 iure
187 917 327 998 poterat,
346 914 527 997 expectavit
540 912 787 998 rogationem?“
809 912 857 978 Ut
869 912 1063 978 verecundia

101 1003 131 1067 ei
159 1004 239 1067 adeo
266 1001 359 1066 nihil·
376 1002 462 1085 apud
489 1022 547 1066 vos
574 1001 694 1086 prosit,
722 1005 760 1066 ut
783 1001 882 1066 etiam
905 1002 941 1066 in
964 1023 1062 1066 eausa

100 1091 277 1176 plurimum
311 1095 440 1156 noceat:
479 1095 556 1155 ante
588 1090 697 1155 omnia
732 1111 798 1155 non
825 1090 927 1156 miror
959 1089 1062 1155 homi·

99 1199 174 1243 nem
206 1179 325 1244 iudicia
359 1179 482 1245 totiens
515 1178 690 1244 infeliciter
722 1183 906 1262 expertum,
941 1181 994 1245 tot
1025 1179 1061 1242 in
1081 1193 1117 1242 ιο

101 1268 231 1333 civitate
254 1267 403 1332 inimicos
426 1267 616 1352 habentem,
649 1267 732 1332 nihil
754 1269 933 1351 temptasse
955 1267 1061 1351 priva·

99 1357 168 1423 tim.
203 1356 348 1440 litigavit
370 1356 524 1421 innocens
547 1377 635 1421 reus:
659 1355 831 1421 damnatus
854 1359 913 1420 est.
945 1354 1063 1420 detulit

101 1444 281 1510 adfectatae
303 1444 485 1528 tyrannidis
503 1465 594 1509 reum
613 1442 666 1529 (ut
688 1464 765 1529 pare
784 1444 926 1509 iudicum
952 1441 1062 1530 putat)

102 1532 323 1598 manifestum:
350 1533 582 1615 impedimento
605 1533 754 1616 publicae
776 1532 993 1597 humanitatis
1010 1533 1061 1621 ‚vi-

102 1625 173 1685 etus
188 1624 246 1685 est.
267 1621 364 1687 hodie
382 1623 464 1686 eitra
481 1621 686 1706 rogationem
705 1625 820 1686 eontra
837 1623 888 1686 ius
906 1625 1062 1703 vestrum,
1083 1635 1117 1683 ιι)

102 1713 214 1774 eontra
250 1713 448 1793 potestatem
484 1710 597 1795 populi
633 1709 815 1795 pugnabit?
858 1702 915 1774 ille
951 1713 1062 1773 tamen
1149 1708 1165 1731 ⁹

100 1797 181 1862 mihi
205 1798 296 1881 alias,
319 1804 360 1881 et,
382 1801 420 1863 ut
438 1797 513 1883 dixi,
536 1799 702 1884 graviores
721 1799 755 1862 in
774 1798 907 1863 exilium
922 1796 1063 1863 abeundi

100 1906 214 1951 causas
237 1887 366 1951 videtur
382 1887 545 1952 habuisse.
573 1886 742 1952 absolutus
761 1890 812 1951 est
830 1887 960 1970 quidem
979 1907 1063 1968 reus,

100 1975 156 2039 sed
175 1974 381 2040 innocentem
401 1997 435 2040 se
454 1996 525 2040 esse
541 1976 722 2040 aoousatori
735 1975 878 2040 nondum
892 1973 1062 2058 persuasit

101 2082 162 2147 ego
195 2083 272 2127 vero
299 2083 367 2127 non
393 2064 507 2147 miror,
538 2063 624 2146 quod
651 2063 704 2127 hio
731 2064 827 2127 timet
855 2062 958 2127 adhue
987 2060 1063 2125 eivi-
1082 2075 1118 2124 ιο

100 2151 178 2233 tati,
218 2150 303 2233 quod
334 2150 424 2214 velut
454 2150 684 2234 inpendentem
717 2150 878 2233 quandam
912 2149 1063 2214 omnibus

100 2238 197 2302 nobis
225 2237 351 2302 ruinam
380 2237 541 2322 suffugere
570 2241 603 2302 et
631 2239 768 2323 evitare,
796 2238 880 2322 quod
903 2236 1064 2322 praevidit

99 2326 293 2411 perieulum,
321 2327 422 2410 eupit:
456 2326 512 2392 sed
538 2330 632 2393 tanto
659 2326 765 2412 magis
793 2327 979 2392 retinendus
1003 2329 1062 2391 est.
1106 2410 1108 2414 μ

99 2415 257 2481 Putemus
281 2415 406 2500 alioqui
428 2416 511 2481 eitra
532 2416 740 2501 rogationem
758 2416 858 2480 talem
877 2415 1064 2480 institutam

100 2525 171 2568 esse
194 2503 310 2588 legem,
333 2504 439 2589 qualis
462 2508 556 2588 esset,
580 2505 608 2570 si
625 2504 679 2570 hie
697 2504 731 2569 in
749 2504 884 2570 uisitata
896 2524 1064 2569 remanere
1083 2516 1119 2567 25

38 2634 43 2641 -
102 2592 210 2667 vellet.
255 2591 532 2676 lexquiddioit?
573 2593 1064 2678 »quiseeretumadrem-

99 2680 296 2763 publicam
332 2682 535 2764 pertinens
567 2681 741 2747 indicare
772 2681 959 2765 voluerit,
995 2680 1064 2744 he·

100 2770 190 2833 beat
213 2770 442 2835 remanendi
460 2773 724 2854 potestatem«
768 2790 864 2836 nemo
892 2768 1064 2852 dubitabit,

102 2877 143 2920 an
166 2856 370 2922 indicaverit.

167 2942 278 3009 Verba
299 2945 402 3031 igitur
424 2945 508 3032 legis
527 2968 586 3030 pro
608 2947 704 3012 nobis
728 2946 851 3031 omnia,
874 2945 930 3010 sed
953 2944 995 3009 ad
1018 2944 1064 3007 in·
1083 2959 1119 3008 30

101 3033 368 3117 terpretutionem
387 3034 565 3101 voluntatis
588 3056 755 3101 vocamur·
780 3057 841 3100 neo
859 3033 946 3099 enim
966 3033 1065 3114 serip-

172 3207 286 3277 4quod
303 3222 354 3264 om.
373 3212 396 3260 Δ
417 3209 461 3278 119
480 3208 626 3264 hominum
645 3213 668 3261 Δ
685 3210 695 3278 n
714 3206 871 3264 loadicia
889 3223 939 3263 om.
963 3210 983 3257 B
1002 3207 1012 3274 fl
1031 3209 1065 3259 13

99 3277 243 3334 adfectata
261 3279 292 3333 et
371 3282 438 3333 Aah
452 3280 512 3362 l¹⁶
530 3281 628 3335 eontra
646 3284 703 3346 AB,
722 3295 790 3337 corr.
809 3280 867 3334 Aer
880 3280 890 3347 l
905 3284 938 3334 1o
957 3292 1065 3347 pugna-

100 3346 144 3404 vit
160 3352 209 3402 n
227 3351 238 3420 l
256 3352 291 3405 20
333 3366 371 3405 ιιι.
389 3352 421 3405 at
436 3349 485 3421 hro
502 3353 523 3403 B
542 3353 552 3420 ΙΙ
569 3356 603 3404 21
623 3349 768 3406 civitatem
787 3353 845 3419 AB,
863 3364 932 3404 corr.
953 3348 994 3404 Gr
1007 3349 1016 3417 ss
1030 3352 1064 3402 25

102 3424 273 3547 mm
289 3416 404 3490 *quam
421 3419 539 3477 deberet
556 3434 615 3477 esoe
632 3418 679 3476 vel
698 3437 743 3491 qu.
763 3423 846 3489 esset,
864 3422 897 3474 ut
914 3419 942 3474 h.
961 3419 979 3475 i.
1000 3435 1023 3476 e.
1042 3436 1064 3472 r.
