2392 3862
171 212 213 277 82
536 210 766 278 QUINTILIANI

168 378 204 442 in
221 377 380 441 ultionem
398 375 531 440 deorum
550 375 782 439 immortalium
802 377 835 440 et
854 374 969 458 templi
989 372 1040 459 (ut
1057 396 1133 458 pro-

168 466 240 549 prie
262 462 412 550 dixerim)
437 465 664 548 expiationem.
924 524 928 530 .

234 551 303 617 Neo
331 552 437 618 minus
466 552 674 617 manifestum
707 551 758 616 ius
782 556 844 633 est,
877 573 974 636 quam
1005 552 1135 637 integer

167 641 279 725 pudor.
310 642 363 705 lex
386 642 473 706 enim
495 642 606 726 palam
630 641 751 725 scripta
774 643 833 718 est,
855 644 893 704 ut
915 641 979 723 uis,
1002 642 1067 725 qui
1091 642 1131 704 in

132 729 318 813 stemplo
354 730 533 795 iniuriam
567 729 720 812 feeerit,
757 726 885 793 deoem
921 729 1032 793 milia
1067 729 1133 794 det

169 818 354 884 civitatis<
386 819 467 884 mihi
489 819 552 884 hoo
575 817 655 882 satis
679 821 738 899 est,
761 818 817 901 qui
835 817 980 883 civitatis
999 819 1133 883 nomine

168 907 273 991 litigo.
317 905 373 972 sed
397 911 502 972 totam
525 908 631 991 legem
654 927 674 970 a
695 905 792 970 nobis
815 927 891 989 para
915 906 1042 971 diversa
1064 907 1131 991 legi

168 995 336 1062 desiderat.
382 995 526 1060 »dotem
554 994 677 1077 milia,
708 994 828 1078 inquit,
861 994 952 1077 ipsi,
985 995 1049 1079 qui
1072 995 1131 1059 in-

167 1084 306 1148 iuriam
331 1083 539 1167 acceperit,
563 1083 691 1148 deoem
715 1082 908 1147 eivitatio
935 1087 968 1147 et
990 1083 1052 1148 hoo
1076 1106 1130 1147 ex·

115 1190 148 1238 1o
168 1172 296 1236 eludere
318 1175 458 1256 temptat
481 1172 660 1255 civitatem,
684 1171 770 1255 quod
793 1171 875 1255 ipse,
898 1172 955 1256 qui
976 1172 1129 1236 iniuriam

168 1261 336 1346 acceperit,
357 1282 424 1325 non
437 1261 557 1325 habeat
571 1262 740 1326 actionem.
774 1281 850 1324 sane
874 1261 1128 1326 contumeliosus

167 1353 199 1413 et
228 1371 288 1432 pro
317 1353 425 1414 oetera
452 1371 579 1415 morum
607 1371 738 1414 suorum
766 1348 949 1433 petulantia
976 1348 1130 1414 adversus

166 1438 395 1520 magistratum
408 1442 552 1502 vestrum
563 1437 676 1521 audax,
690 1438 746 1521 qui
755 1437 977 1521 praescribere
986 1441 1130 1522 temptet

166 1525 300 1605 civitati,
323 1530 490 1609 tamquam
514 1526 762 1610 ignominiosae.
799 1525 918 1610 Facile,
941 1531 978 1591 ut
1002 1527 1129 1610 opinor,

114 1629 146 1678 15
166 1613 342 1693 constabit,
378 1614 461 1679 nihil
497 1614 539 1679 ad
577 1619 727 1680 nostram
763 1615 925 1679 actionem
957 1616 1130 1700 pertinere,

165 1723 262 1786 quam
289 1701 396 1787 legem
418 1702 539 1768 habeat
561 1703 644 1787 ipse,
667 1703 722 1787 qui
747 1696 897 1786 pulsatus
921 1703 972 1768 sit.
1018 1704 1130 1768 existi-

164 1811 289 1855 memus
321 1790 419 1874 enim,
452 1813 522 1857 esse
550 1792 691 1875 aliquem
718 1812 784 1856 non
813 1791 1069 1876 ignominiosum
1091 1792 1128 1856 in

164 1879 288 1962 templo
319 1879 499 1965 pulsatum,
536 1880 592 1944 sed
624 1880 676 1944 vel
708 1879 834 1945 dedisse
865 1881 962 1946 huius
992 1881 1128 1946 iniuriae

164 1969 301 2047 veniam,
324 1968 375 2033 vel
398 1969 463 2034 alio
483 1969 591 2053 aliquo
610 1967 841 2052 impedimento
857 1989 954 2054 agere
968 1969 1127 2035 noluisse:

111 2074 145 2123 20
163 2079 242 2121 num
264 2057 338 2122 ideo
360 2079 401 2122 ne
424 2057 540 2123 oivitas
565 2057 695 2143 quidem
717 2058 768 2123 ius
793 2080 888 2123 suum
911 2059 1065 2142 tuebitur,
1091 2061 1129 2123 ut

165 2145 275 2211 omnia
297 2146 417 2230 inpune
441 2146 578 2213 feeerit?

230 2233 353 2299 Verum
380 2257 421 2300 ne
448 2236 518 2320 ipse
546 2235 677 2320 quidem
704 2235 908 2301 adversarius
936 2238 1064 2299 tantum
1093 2235 1128 2298 in

164 2324 361 2405 exemptione
372 2323 508 2388 fiduciae
521 2323 635 2407 habet,
655 2326 812 2407 quantum
835 2323 870 2387 in
892 2323 964 2407 ipsa
986 2321 1126 2386 iniuriae

162 2408 440 2493 interpretatione.
467 2431 535 2476 nou
557 2411 643 2475 enim
665 2409 817 2474 iniuriam
839 2410 917 2474 dicit
938 2430 1017 2493 esse,
1041 2408 1128 2492 quod

109 2515 144 2563 25
163 2497 416 2582 ignominiosum
443 2497 636 2582 pulsaverit,
668 2497 720 2562 eui
747 2497 833 2563 aetio
860 2519 927 2563 non
949 2499 1009 2560 ast.
1048 2517 1128 2582 ego,

162 2584 297 2666 iudices,
328 2585 507 2670 plurimum
529 2586 688 2653 interesse
711 2585 876 2670 existimo,
898 2588 1019 2650 utrum
1048 2585 1125 2669 quid

161 2673 268 2739 faeere
282 2674 387 2753 liceat,
410 2696 452 2739 an
470 2674 634 2740 vindicare
651 2695 718 2740 non
736 2672 841 2740 lioeat.
865 2695 931 2740 non
951 2673 1037 2739 enim
1051 2696 1126 2739 oon·

161 2763 264 2846 tinuo,
289 2763 316 2828 si
339 2763 557 2848 ignominioso
582 2763 667 2829 aetio
689 2785 756 2830 non
779 2763 890 2849 datur,
913 2763 990 2828 lioet
1013 2763 1126 2828 adver-

163 2872 216 2915 sus
240 2851 494 2936 ignominiosum
517 2853 632 2938 faeere,
663 2851 749 2937 quod
773 2851 908 2937 quisque
930 2851 1019 2918 velit.
1059 2853 1126 2917 tale

232 3046 1009 3145 shissns‘imiliaA‚X·miliasuipsumsuo
1029 3060 1125 3116 decem

162 3135 214 3189 civ.
234 3139 280 3190 eto.
296 3165 330 3176 -
347 3140 388 3189 11.
408 3132 548 3203 acceperit
566 3136 645 3188 om]
659 3134 669 3202 l
685 3138 718 3187 14
735 3131 924 3203 ignomnioso
943 3135 983 3185 Ab
997 3132 1006 3201 ΙΙ
1022 3137 1054 3186 19
1073 3132 1125 3185 im·

161 3205 333 3276 pledimento
352 3210 375 3257 Δ
402 3205 412 3274 ΙΙ
438 3209 472 3258 20
490 3220 543 3260 neo
563 3202 654 3260 eiu!
682 3205 692 3274 ll
721 3208 824 3258 19-20
848 3203 1050 3274 impedimento
1069 3217 1125 3256 non

160 3277 221 3330 iure
240 3277 339 3331 civitas
356 3277 399 3346 Pl
413 3281 446 3330 22
465 3292 501 3330 ne
520 3290 570 3330 om.
590 3276 681 3346 rnna
700 3273 828 3345 exemplo
847 3278 906 3343 AB,
925 3289 994 3329 corr.
1012 3273 1057 3328 Ro
1071 3275 1080 3343 l
1093 3273 1125 3326 fi-

161 3345 259 3401 duciae
278 3347 383 3403 habeat
401 3345 506 3417 tanin
524 3361 576 3401 orn.
594 3348 688 3416 31124
705 3362 757 3402 nos
776 3348 833 3412 AB,
853 3361 922 3402 corr.
941 3345 999 3400 Aer
1017 3342 1124 3415 u*diei-

160 3433 222 3471 mus
243 3434 302 3474 esse
322 3422 379 3486 ΔΒ,
399 3416 547 3473 dicendam
566 3431 626 3472 esse
644 3416 689 3473 Ro
705 3417 716 3486 l
733 3421 769 3471 25
786 3415 953 3472 iniuriosum
971 3418 992 3467 B
1010 3417 1020 3483 Ι]
1038 3419 1072 3468 27
1091 3413 1125 3467 Ιί-

161 3489 225 3544 oeat
243 3490 306 3559 nal
320 3494 353 3544 29
372 3489 464 3544 faeere
482 3491 572 3544 oran
