2392 3862
119 197 209 253 XXVI
487 194 705 251 PRAEFATIO.

118 348 254 409 monenti
272 351 303 407 et
325 347 405 408 riam
429 347 646 406 demonstranti
664 365 703 405 an
721 345 817 405 actori
835 365 890 422 per
907 345 1084 405 continuam

120 429 368 505 declamationem
387 444 522 522 loquenti
540 445 701 505 tribuenda
719 445 817 505 sit-
832 444 926 504 verba
939 443 1084 504 nimirum

120 541 346 603 declamationis
378 542 409 600 et
432 542 577 601 sermonis
599 541 667 616 plus
691 543 784 601 semel
806 542 886 602 inter
907 560 939 601 se
957 541 1085 602 confusa

118 642 151 698 in
178 658 239 700 mss
268 670 311 680 -
339 639 463 698 dubium
490 637 557 698 fieri
583 641 691 714 potest.
742 640 849 699 Altera
876 640 909 698 in
938 657 973 699 eo
1002 638 1084 699 inest

118 737 289 813 difficultas,
313 737 392 812 quod
418 735 553 795 forenses
575 753 625 794 res
643 734 691 794 his
710 733 976 795 declamationibus
995 753 1082 811 prae·

117 837 263 911 parantur
289 837 320 894 et
346 835 532 908 tractantur,
560 836 592 892 et
614 832 698 908 leges
721 832 857 909 insuper,
880 831 989 908 quibus
1012 851 1082 892 con·

116 931 251 992 tinentur
273 950 392 1008 causae,
415 949 556 1006 magnam
579 931 697 1005 partem
715 929 849 988 incertae
868 931 947 1006 sunt,
971 930 1082 1007 quippe

116 1047 175 1089 non
207 1048 244 1088 ex
269 1029 404 1088 Romano
436 1030 555 1086 tantum
586 1027 651 1085 iure
683 1026 811 1103 petitae,
842 1026 896 1086 sed
926 1026 1018 1087 etiam
1046 1047 1082 1087 ex

117 1125 248 1205 Gracco,
270 1127 321 1186 rel
338 1126 432 1184 etiam
450 1124 631 1183 constitutae
653 1123 736 1182 inani
759 1123 1081 1184 scholasticorumfic-

117 1222 208 1284 tione.
240 1223 310 1282 Non
334 1222 397 1282 sine
416 1240 508 1280 causa
525 1220 620 1298 igitur
638 1238 750 1296 eorum,
774 1220 826 1296 qui
843 1221 958 1296 priores
978 1239 1082 1281 curam

115 1319 147 1378 in
176 1319 360 1396 corrigendis
393 1323 425 1378 et
456 1316 650 1394 explanandis
677 1317 778 1377 verbis
803 1320 982 1393 posuerunt,
1014 1319 1082 1379 iure

116 1416 245 1483 consulti
261 1417 385 1492 plurimi
402 1416 538 1489 fuerunt,
561 1418 652 1492 atque
674 1415 797 1475 Aerodii
818 1416 886 1493 illa,
909 1433 968 1474 uon
992 1433 1081 1492 posse

117 1513 190 1572 haec
213 1514 271 1573 nisi
295 1516 375 1573 certe
403 1514 478 1573 iuris
503 1513 599 1588 perito
622 1512 788 1588 emendari,
814 1514 915 1572 ues'cio
938 1531 977 1571 an
1004 1513 1082 1573 ulte·

116 1609 179 1669 rius
206 1611 378 1686 pertineant
401 1629 491 1687 quam
519 1611 557 1669 ad
584 1610 708 1670 confusa
734 1611 789 1668 ille
811 1613 842 1669 et
864 1609 951 1669 foede
974 1610 1081 1686 depra-

45 1750 48 1757 -
116 1710 187 1766 vata
209 1706 348 1767 editionis
372 1708 405 1781 P,
429 1708 466 1767 de
489 1726 548 1783 qua
569 1707 703 1783 loquitur
724 1707 803 1783 ipse,
825 1707 927 1770 rerba.

184 1804 230 1864 De
254 1803 404 1880 scriptura
427 1805 500 1864 haec
518 1821 637 1871 moneo:
663 1806 798 1864 secutum
820 1823 868 1864 me
890 1821 956 1863 esse
973 1804 1080 1864 Bram-

117 1901 258 1960 bachium
282 1893 526 1982 (Hdlfsbdchlein
547 1922 571 1961 z.
591 1902 642 1961 lat
661 1893 954 1981 Rechtschreibung)
973 1902 1018 1961 ita
1037 1906 1079 1984 ut,

115 1999 167 2056 ubi
190 1999 270 2058 inter
293 1999 368 2058 duas
392 1999 504 2060 formas
527 1997 654 2057 liberam
678 1999 828 2075 optionem
847 1998 989 2076 admittit,
1013 2018 1078 2062 eam

115 2096 258 2173 eligerem
295 2116 384 2174 quam
421 2096 512 2157 codex
539 2096 580 2170 A,
617 2099 648 2157 et
679 2096 744 2171 ipse
777 2114 837 2155 non
869 2115 986 2172 semper
1021 2096 1080 2158 sibi

114 2197 267 2267 constans,
294 2195 467 2270 praeberet3
495 2196 599 2254 contra
627 2193 710 2252 cuius
737 2196 840 2252 tamen
866 2195 1079 2255 auctoritatem

116 2290 283 2350 scribebam
305 2290 447 2364 incohare
470 2294 502 2349 et
522 2290 710 2350 Fleckeiseni
731 2289 846 2351 monita
864 2283 923 2370 (50
941 2284 1078 2373 Artikel)

114 2386 292 2446 observans:
326 2404 491 2460 arcessere,
524 2405 601 2463 quae
634 2386 781 2462 scriptura
809 2389 977 2462 promiscue
1010 2406 1079 2448 cum

114 2483 168 2541 illa
195 2500 348 2542 accersere
375 2484 407 2542 in
435 2482 581 2543 codiceA
608 2487 779 2560 usurpatur.
824 2484 1024 2545 Brambacbio
1047 2485 1080 2544 in

46 2582 53 2593 “’
115 2599 150 2639 eo
172 2597 233 2638 non
256 2578 475 2658 obtemperavi,
498 2579 578 2656 quod
602 2601 616 2642 s
639 2584 708 2657 post
730 2601 762 2657 x,
785 2582 863 2659 quod
886 2601 1009 2659 perraro
1034 2583 1079 2642 iu-

114 2677 235 2736 venitur
265 2677 298 2735 in
323 2675 365 2754 A,
398 2679 540 2754 oppressi.
590 2678 799 2740 Nominativos
830 2682 863 2738 et
890 2680 1077 2741 accusativos

16 2790 20 2797 ·
113 2774 240 2849 pluralis
269 2774 377 2835 tertiae
409 2794 512 2836 omnes
539 2794 594 2852 per
622 2795 674 2836 -es
701 2776 863 2854 declinavi,
895 2795 1078 2854 quamquam

113 2871 240 2954 „omnis,
264 2870 379 2947 partis“
402 2874 520 2950 aliaque
540 2873 652 2933 similia
674 2892 898 2949 nonnumquam
919 2875 1078 2935 iubarum

113 2967 364 3028 declamationum
386 2971 539 3031 codicibus
562 2965 803 3052 inveniuntur.*)

183 3111 209 3180 *)
229 3113 300 3166 Sunt
319 3115 412 3168 autem
431 3111 496 3167 illa:
514 3112 604 3182 partis
623 3118 684 3175 235,
696 3116 743 3178 283
763 3118 868 3179 414,19
883 3111 935 3166 ΑΒ
955 3143 989 3154 -
1013 3131 1077 3183 pro·

112 3181 279 3250 pinquitatis
299 3188 391 3250 245,9
416 3183 515 3238 mortis
534 3189 594 3252 284,
615 3187 662 3253 (4.)
682 3189 697 3238 7
716 3183 741 3236 Α
760 3214 793 3222 -
813 3183 904 3238 omnis
925 3189 984 3251 136,
1000 3191 1016 3240 6
1036 3184 1077 3240 in·

112 3251 205 3306 felicis
223 3254 349 3322 parentis
367 3259 426 3320 154,
443 3259 511 3307 1-a
531 3254 655 3309 absentis
674 3259 736 3319 363,
752 3258 767 3308 8
782 3255 814 3309 Β.
846 3253 995 3309 Manifesto
1015 3257 1076 3311 solo

113 3322 223 3377 librarii
241 3340 331 3378 errore
356 3323 479 3392 factum,
502 3325 535 3378 ut
552 3326 563 3379 i
580 3326 643 3380 ete
666 3325 766 3379 literae
784 3326 1023 3394 permutarentur,
1047 3327 1077 3380 id

114 3395 190 3462 quod
209 3392 370 3462 saepissime
390 3394 420 3448 in
438 3394 574 3449 codice'A
592 3393 836 3464 deprehendimus,
854 3395 944 3450 veluti
959 3395 1074 3452 inillis:

114 3464 264 3535 collegere,
279 3462 430 3531 demicare,
444 3463 590 3534 demissus,
605 3466 778 3534 exestimare,
794 3465 916 3532 sterelie3
930 3470 1077 3536 praeterea
