2392 3862
340 213 657 270 DECLAMATIONES.
686 212 842 268 CCXLVII.
1027 212 1069 276 13

112 401 230 466 genere
260 378 343 462 litis,
372 378 479 444 nullas
504 398 573 441 esse
598 375 773 461 digniores,
803 398 883 460 quae
907 376 1071 440 retineant

109 468 302 533 maritorum
323 466 536 549 hereditates,
563 487 661 549 quam
687 487 754 550 eas,
780 487 861 549 quae
886 486 1004 528 uxores
1032 486 1072 527 ex

109 561 206 641 raptu
230 578 300 621 esse
328 558 518 638 coeperunt;
555 555 707 638 quoniam
729 559 806 638 post
828 557 959 636 raptum
980 553 1071 617 nulla

110 669 191 711 uxor
214 649 274 729 est,
296 644 361 709 nisi
379 644 535 709 beneficio
555 665 624 708 suo.
655 665 692 707 ac
710 642 851 708 forsitan
873 642 948 706 inde
973 641 1071 706 etiam

111 735 164 799 lex
187 735 252 799 ista
276 732 457 798 descendit.
1091 745 1107 794 5

178 823 229 887 Ad
257 822 316 887 illa
346 821 428 887 libet
457 821 638 904 pervenire,
665 821 707 885 ad
740 841 822 904 quae
846 841 922 904 pars
946 820 1073 883 diversa

111 915 220 978 vocat:
255 932 297 975 an
324 910 404 975 haec
430 909 529 995 digna
554 910 610 993 sit,
642 931 725 994 quae
747 909 858 974 uxoris
881 929 1000 972 nomen
1023 929 1073 971 ac-

111 1001 221 1085 cipiat.
251 997 286 1064 si
308 999 370 1064 hoe
392 1002 521 1064 tantum
545 999 696 1064 dicerem:
721 999 839 1062 meruit
860 995 1074 1061 hereditatem

112 1111 173 1174 pro
187 1088 313 1172 iniuria,
330 1090 442 1171 posset
455 1093 566 1153 tamen
584 1088 688 1152 videri
706 1085 869 1152 hereditas
888 1085 954 1150 ista
972 1105 1073 1170 genus
1158 1099 1165 1109 ·

112 1176 274 1261 quoddam
294 1176 535 1242 satisfactionis.
577 1177 699 1240 Amata
722 1179 772 1240 est
796 1175 836 1239 ab
861 1174 1074 1239 adulescente.
1095 1188 1127 1238 ιο

111 1266 208 1331 debet
230 1266 293 1330 hoo
321 1287 449 1350 quoque
472 1265 581 1331 valere
604 1266 639 1328 in
661 1265 811 1348 portione
833 1262 900 1328 litis
926 1262 1074 1345 huiusce3
1141 1309 1143 1313 -

110 1355 195 1419 nihil
221 1355 278 1419 ille
304 1355 434 1439 maluit,
462 1376 559 1438 quam
582 1353 647 1419 ista
669 1355 767 1437 bona,
792 1352 922 1418 etiamsi
943 1351 1076 1434 viveret,

112 1466 183 1509 esse
215 1443 408 1508 eommunia.
453 1443 509 1507 ille
536 1442 614 1508 fecit
641 1442 693 1508 his
723 1442 818 1506 bonis
846 1440 931 1505 hano
960 1441 1075 1524 legem.

113 1532 259 1615 speravit
286 1532 324 1596 de
352 1553 391 1596 ea
415 1531 613 1597 adulescens.
658 1530 731 1596 ideo
754 1551 871 1616 rogare
895 1551 992 1594 ausus
1016 1536 1075 1593 est.

112 1620 253 1704 Nuptias
276 1620 374 1705 petiit
397 1621 507 1705 puella
523 1657 562 1668 —
578 1642 644 1685 non
668 1619 738 1684 dico
762 1641 846 1684 nunc
870 1617 909 1683 de
931 1619 1000 1683 iure
1016 1639 1075 1680 -ε
1097 1632 1129 1682 15

112 1711 270 1794 cogitate,
290 1713 445 1793 quantum
463 1709 655 1775 beneficium
685 1709 760 1773 dare
789 1708 942 1791 voluerit3
965 1708 1076 1789 immo,

113 1798 200 1882 quod
227 1798 267 1864 ad
291 1799 397 1881 ipsam
419 1799 574 1883 pertinet,
602 1797 739 1863 dederit:
771 1797 899 1861 remisit
925 1797 1076 1860 iniuriam

112 1891 227 1970 raptae
247 1887 444 1972 virginitatis
464 1910 510 1972 ea,
529 1887 580 1953 cui
599 1887 652 1952 lex
670 1890 705 1951 et
723 1887 893 1966 morte[m]
912 1884 1076 1949 vindicare

136 1977 270 2045 ermisit.

112 1999 134 2059 p
182 2062 267 2146 „Sed
292 2084 363 2127 sero
388 2063 451 2128 hoe
477 2063 550 2128 dedi
567 2062 592 2127 .“
636 2062 779 2126 Etiamsi
802 2062 899 2127 huius
922 2062 1078 2126 tarditate
1097 2076 1131 2127 ιο

116 2151 238 2215 factum
269 2154 368 2234 esset,
400 2171 468 2214 non
496 2151 586 2215 illius
616 2149 839 2232 festinatione,
871 2150 940 2214 noli
969 2153 1078 2215 tamen

115 2239 229 2303 mirari
251 2238 418 2324 pudicam,
450 2239 478 2304 si
512 2239 646 2304 castitas
674 2260 739 2303 non
767 2239 879 2304 statim
906 2239 974 2303 irae
1002 2261 1078 2304 suae

86 2387 89 2391 .
114 2329 274 2413 imperare
304 2328 421 2412 potuit
471 2329 553 2394 satis
582 2331 731 2412 praestat
759 2331 869 2413 rapta,
901 2350 983 2413 quae
1012 2350 1078 2394 non

115 2417 180 2482 cito
200 2420 301 2500 optat.
341 2418 407 2502 „At
430 2418 516 2482 enim
539 2418 606 2482 iam
628 2417 798 2483 vulnerato
764 2418 954 2503 toptavit,
977 2440 1077 2502 quon·

115 2506 181 2570 iam
195 2507 295 2570 morit
297 2528 390 2570 urum
404 2506 544 2571 sciebat.
563 2506 709 2608 captavit
722 2505 948 2571 hereditatem.
949 2505 967 2540 “
988 2505 1077 2572 Num
1097 2519 1131 2570 ro

115 2594 179 2678 igit
180 2617 217 2660 ur
236 2595 382 2660 animum
400 2595 530 2678 puellae
558 2618 577 2659 a
599 2582 713 2698 primis
737 2595 940 2678 temporibus
963 2599 1079 2680 raptor

116 2682 304 2768 ignoravit?
350 2703 508 2768 magnum
531 2685 679 2750 clement
655 2688 721 2749 tiae
745 2688 982 2768 argumentum.
1026 2685 1078 2750 cui

115 2775 175 2856 pot
177 2776 226 2837 est
228 2794 262 2836 as
212 2771 426 2838 tadeundi
449 2775 662 2858 magistratus
682 2774 805 2857 statim,
824 2774 983 2857 permissa
1006 2795 1078 2838 con·

115 2860 206 2924 tinuo
228 2882 305 2944 vox,
333 2883 397 2946 qua
428 2884 462 2926 se
496 2865 529 2927 et
551 2863 704 2926 iniuriam
735 2883 828 2927 suam
856 2862 1078 2946 ulcisceretur,

115 2949 225 3013 finiret
248 2970 346 3014 onera
372 2949 506 3035 pudoris
531 2948 593 3016 sus:
617 2950 708 3015 audit
729 2954 884 3035 rogantes
908 2950 972 3015 diu.
1013 2950 1077 3034 pri·
1098 2967 1132 3016 30

116 3059 207 3102 mum
225 3037 288 3104 hoc
306 3039 540 3123 praeiudicium
559 3039 626 3104 eius
647 3042 711 3123 est,
740 3061 821 3122 quae
850 3040 979 3104 exorari
1006 3061 1079 3123 pos·

117 3127 170 3191 ait.
147 3129 311 3211 trogari
334 3128 432 3211 velle,
455 3150 515 3212 pro
536 3129 716 3213 <e>rogato
750 3132 808 3193 est.
784 3127 926 3193 tHoo
948 3131 1079 3193 tantum

189 3289 206 3337 6
224 3286 282 3353 atq3
302 3288 350 3354 Aa,
368 3285 423 3354 adq
443 3289 484 3339 Ab
498 3286 507 3354 ΙΙ
523 3290 555 3340 10
565 3285 744 3340 abolescente
754 3288 778 3337 A
791 3286 801 3355 ΙΙ
816 3291 848 3339 11
860 3301 969 3353 quoque
983 3286 1037 3340 hoc
1047 3289 1078 3353 A,

118 3369 188 3410 corr.
207 3354 275 3425 Ro!
290 3360 324 3411 1⁸
341 3356 487 3439 morte[m]
506 3356 570 3426 Gru
567 3356 619 3425 {20
637 3355 801 3410 tarditatem
815 3360 839 3409 A
852 3359 861 3426 Ι
875 3362 909 3411 28
929 3356 1079 3424 emissaA‚

117 3440 188 3481 corr.
191 3424 575 3533 Eudamuk'em
584 3426 1079 3500 Piuarp1ua1arpea²¹=<e>ro
