2392 3862
368 205 683 262 onenrnrrronns.
702 191 850 262 cervrr.v
1027 205 1070 270 49

420 401 759 470 oronnnnrro.
783 483 786 488 ,

126 602 129 606 ,
178 529 213 596 Si
242 529 283 595 ab
312 529 377 594 alio
404 527 591 612 redemptus
620 532 706 594 esset
733 530 826 611 pater
852 523 927 610 (et)
952 530 1073 613 statim,

111 624 148 687 ut
171 618 310 684 redisset
333 639 354 682 a
376 616 570 702 gravissima
591 615 733 697 fortuna,
764 617 823 697 [et]
848 616 998 683 abdicare
1021 639 1072 682 me

111 706 320 788 instituisset,
348 704 488 770 dicerem
515 708 638 770 tamen:
671 703 748 788 quid
776 704 863 770 intra
884 709 953 772 tam
976 706 1072 770 breve

112 800 242 880 tempus
265 793 437 860 commisi?
461 792 537 877 quid
559 797 629 859 tam
653 793 809 858 scelerate
832 815 852 860 a
874 814 926 858 me
948 793 1107 860 factume

112 888 172 967 est,
194 888 233 948 ut
250 883 300 947 ira
320 881 423 966 patris
442 881 647 965 praecederet
666 882 774 966 ipsam
797 881 1072 965 gratulationem?

112 991 201 1038 nuno
223 974 347 1037 certum
365 969 479 1054 habeo,
501 969 638 1055 indigna
655 968 998 1053 quaedamexpectare
1016 993 1073 1036 voe

110 1061 268 1143 facinora,
290 1080 363 1124 cum
387 1057 555 1124 abdicetur
571 1058 668 1141 filius,
691 1058 747 1142 qui
764 1057 909 1123 redemit.
941 1059 1074 1124 estsine

113 1148 212 1214 dubio
230 1146 319 1213 istud
332 1168 400 1212 non
418 1168 526 1213 meum
540 1147 743 1230 beneficium,
761 1149 793 1211 et
807 1168 902 1212 omne
916 1147 1075 1232 redempti

112 1237 217 1322 patris
245 1258 363 1301 munus
387 1234 428 1299 ad
456 1256 602 1301 socerum
629 1234 723 1300 redit.
768 1254 829 1319 ego
852 1239 963 1301 tamen
984 1237 1128 1301 navi-10

114 1326 204 1412 gavi,
228 1344 290 1409 ego
312 1323 495 1408 periculosa
518 1323 621 1390 maria
642 1323 809 1408 ingressus
833 1331 914 1406 sum,
937 1325 1076 1409 utredi·

114 1435 237 1480 merem
269 1415 411 1497 patrem,
440 1411 710 1496 quemadmodum
741 1412 850 1495 ipsum
882 1410 988 1477 dicere
1019 1435 1076 1478 au-

115 1503 222 1584 distis3
256 1502 413 1585 quaedem
445 1501 545 1566 etiam
575 1521 643 1566 non
667 1499 824 1582 potienda
849 1521 966 1584 passus
995 1523 1075 1567 sum.

115 1590 206 1668 Quae
234 1590 264 1654 ei
290 1589 376 1655 ratio
405 1589 619 1655 abdicationis
647 1587 719 1653 est?
734 1581 850 1671 ''„Non
879 1589 1076 1674 obsequeris,

114 1679 234 1764 inquit,
257 1676 366 1743 mihi.“
628 1758 630 1762 μ
1096 1692 1129 1743 re

183 1765 219 1833 si
245 1767 308 1832 hoe
335 1765 375 1832 ad
405 1764 620 1832 abdicandum
643 1765 724 1831 satis
748 1770 846 1849 esset,
878 1788 1077 1850 supervacua

116 1860 210 1922 erant
224 1855 357 1921 omnino
371 1853 490 1920 iudicia
504 1855 572 1920 ista.
595 1875 652 1919 cur
668 1853 757 1919 enim
770 1855 866 1920 nobis
881 1854 1076 1920 defensionis

115 1947 313 2029 potestatem
336 1942 481 2026 dedistis,
510 1943 539 2006 si
561 1934 646 2007 nihil
668 1943 790 2008 nostris
812 1943 956 2009 consiliis
979 1942 1077 2007 liber·

115 2034 195 2098 tatis
217 2033 370 2097 relictum
393 2030 464 2097 est‘?
489 2031 574 2096 servi
595 2029 796 2095 mehercule
820 2030 978 2114 quaedam
1000 2030 1078 2094 libe-

115 2122 185 2185 rius
209 2143 248 2186 ex
271 2120 358 2186 bona
381 2122 490 2184 mente
512 2117 646 2203 faciunt,
670 2121 703 2184 et
726 2118 901 2202 aliquando
924 2118 1078 2184 indicium
1096 2135 1130 2184 2ο

116 2208 193 2274 fidei
220 2212 336 2292 putant
367 2206 472 2291 pretio
501 2210 611 2291 empta
639 2207 802 2290 mancipia
829 2228 896 2273 non
922 2204 1078 2291 paruisse.

116 2298 203 2363 filios
231 2319 307 2363 vero
334 2297 406 2382 quis
434 2295 597 2361 dubitavit
619 2317 773 2380 umquam
796 2317 866 2361 esse
889 2297 1079 2380 plerumque

119 2407 196 2452 suae
222 2385 418 2470 potestatis?
454 2388 492 2450 ut
515 2406 554 2449 ea
575 2387 793 2469 praeteream,
821 2406 903 2469 quae
927 2385 988 2450 sub
1010 2388 1079 2451 tam

117 2475 205 2549 bono
233 2477 327 2558 patre
353 2495 395 2539 ne
422 2474 604 2559 argumenti
632 2472 762 2558 quidem
790 2495 887 2540 causa
909 2471 1078 2539 referenda
1147 2537 1150 2545 ,

120 2568 206 2647 sunt,
228 2583 288 2628 nec
310 2561 425 2646 dicam,
446 2583 530 2628 >non
553 2582 648 2648 coges
669 2562 792 2646 templa
810 2562 991 2646 incendere,
1012 2584 1080 2628 non
1098 2576 1132 2626 25

118 2671 216 2736 coges
253 2650 404 2735 operibus
435 2651 573 2735 publicis
606 2671 722 2716 manus
755 2650 917 2717 adferrent
956 2650 1080 2715 leviora

118 2743 206 2806 certe
233 2743 365 2804 nostrae
392 2740 588 2806 dormitatis
615 2761 686 2805 esse
713 2738 923 2804 manifestum
952 2741 1015 2822 est,
1042 2741 1079 2803 ut

119 2828 317 2893 sententiam
338 2827 460 2893 iudices
483 2827 588 2893 dicere
610 2827 737 2911 <liceat
760 2828 909 2910 qualem>
933 2827 1079 2908 velimus,

192 3061 208 3109 2
227 3052 297 3128 (et)
315 3055 352 3110 Ρί
369 3058 378 3125 ΙΙ
397 3061 413 3110 3
433 3054 486 3126 [et]
508 3053 546 3107 Pe'
559 3055 568 3124 l}
584 3059 616 3108 13
634 3052 764 3108 facienda
782 3058 844 3118 AB,
863 3069 932 3109 corr.
952 3053 1017 3120 Aer,
1036 3051 1078 3106 fa-

119 3125 208 3180 tenda
225 3127 279 3180 Set
292 3128 301 3196 ΙΙ
317 3132 350 3182 16
369 3127 405 3180 ad
423 3140 473 3181 om.
492 3129 516 3177 A
529 3127 538 3194 {l
555 3129 586 3178 1-‘1
606 3120 700 3178 om'nia
716 3129 740 3177 A
753 3126 763 3193 11
775 3124 838 3194 ipsa
856 3129 913 3191 AB,
932 3140 1001 3178 corr.
1012 3122 1080 3193 Solet!

122 3200 155 3250 19
183 3196 294 3252 Bonae
323 3196 558 3252 eonscientiae
585 3193 752 3249 indicium
777 3211 852 3250 esse
877 3195 1079 3249 libertatem

120 3272 144 3320 A
157 3269 166 3337 ll
180 3273 213 3322 21
233 3265 417 3341 <im>putant
435 3270 469 3335 (1)
490 3267 531 3322 Gr
543 3268 552 3334 ΙΙ
567 3271 606 3323 22,
619 3281 699 3320 veros
717 3270 738 3317 B
760 3267 770 3334 ΙΙ
793 3271 830 3319 23
846 3267 888 3320 uti
907 3281 940 3320 ea
958 3268 1081 3334 praeter-

120 3354 211 3407 eaque
229 3337 280 3393 sub
298 3341 342 3409 Bt
356 3344 390 3392 26
409 3343 493 3392 manu
520 3338 564 3406 ΒΙΙ
578 3343 612 3392 27
631 3336 833 3391 mediocritatis
852 3341 908 3404 AB,
928 3351 995 3391 corr.
1019 3336 1081 3403 lto,

117 3407 470 3552 propouegwRanctoritatis
489 3410 529 3464 vel
544 3408 589 3478 (cf.
600 3408 683 3463 indic.
694 3407 715 3460 1
718 3411 728 3474 )
739 3406 879 3462 libertatis
893 3408 902 3476 {l
916 3411 951 3462 28
967 3405 1082 3480 (liceat,

121 3495 235 3548 quaem
302 3496 318 3534 o

176 3578 316 3629 Quintiliani
330 3577 395 3628 secu,
409 3576 444 3618 eo.
458 3575 539 3618 mae.
915 3572 937 3619 A
1077 3550 1149 3638 ,Ι
