2392 3862
329 185 650 243 DECLAMATIONES.
670 183 862 241 OOLXXXVI.
1009 184 1072 249 151

467 345 723 415 GGLXXXVI.

327 454 482 521 Adulter
503 453 634 520 fratris
658 470 704 520 ex
727 470 866 538 sponso.

109 563 300 630 Assnrcnan
324 581 370 627 nr
394 578 572 628 ancusaan
595 578 731 626 arcnsr.
759 561 880 627 RAPTA
903 579 1075 628 anrroars

204 671 272 718 nur
303 669 450 718 uoarnu
481 668 595 716 orrar
626 669 695 716 Aur
725 667 883 716 acerras.
927 648 1008 717 Pere
1052 651 1075 699 ’-

204 740 315 807 nantis
340 739 469 824 quidam
490 738 603 804 fratris
628 761 779 823 sponsam
803 738 920 822 rapuit.
965 672 1110 823 pugillus

206 831 398 913 deprecante
420 831 511 912 patre
533 826 674 913 raptoris
696 828 830 911 nuptias
855 828 987 911 optavit.
1028 829 1075 893 iu·

205 919 297 983 venis
320 938 484 982 reversum
507 916 641 981 fratrem
671 919 703 980 et
726 916 761 980 in
785 915 944 981 adulterio
967 916 1076 1002 depre-

206 1007 355 1090 hensum,
383 1027 537 1090 cumpro
562 1005 619 1070 illo
642 1008 736 1089 pater
759 1005 1000 1089 deprecaretur,
1024 1026 1077 1070 oe-

207 1094 293 1160 cidit.
330 1095 460 1160 abdicat
499 1143 506 1158 .

512 1243 685 1317 SERMO.
1097 1265 1131 1315 m

183 1360 236 1424 An
266 1359 389 1443 omnia,
419 1380 501 1444 quae
532 1359 686 1424 adversus
716 1358 919 1425 voluntatem
947 1363 1077 1443 patrum

110 1449 259 1515 admissa
273 1452 356 1530 sunt,
371 1448 508 1512 debeant
523 1447 725 1513 abdicatione
740 1448 870 1531 puniri?
889 1471 931 1513 an
944 1452 1077 1533 propter

90 1574 92 1578 ν
117 1539 150 1602 id
174 1538 290 1602 debeat
313 1537 470 1619 abdicari,
493 1536 579 1620 quod
602 1536 675 1620 lege
692 1535 833 1611 fecerit?

428 1694 764 1761 DECLAMATIO.

186 1803 360 1869 Feliciores
385 1806 497 1889 patres
528 1803 574 1867 sic
603 1802 701 1868 irasci
731 1803 848 1868 solent:
881 1802 985 1866 »nihil
1009 1814 1129 1867 non15

116 1893 221 1957 facere
244 1891 386 1957 debuisti
411 1891 588 1956 secundum
606 1913 712 1954 meam
730 1891 946 1956 voluntatem:
971 1889 1076 1954 obicio

110 1981 179 2045 tibi
207 2002 323 2045 munus
350 1979 460 2044 lueis«
505 1978 605 2044 iactat
633 2001 667 2043 se
695 1982 840 2062 potestas
868 1978 925 2043 illa
947 1981 1077 2061 patrum

117 2069 217 2133 etiam
239 2069 275 2132 in
297 2068 521 2152 magistratus,
545 2067 644 2130 etiam
662 2067 697 2130 in
715 2067 864 2131 victores.
885 2065 963 2130 Non
982 2065 1076 2151 exigo

117 2162 238 2239 tamen,
262 2159 299 2220 ut
321 2155 432 2238 facias,
455 2155 540 2239 quod
562 2153 671 2219 iubeo:
694 2157 779 2237 peto,
802 2158 840 2218 ut
857 2154 968 2237 facias,
992 2154 1077 2238 quod

116 2244 311 2329 rogaverim.
358 2242 450 2320 Quod
479 2243 507 2308 si
534 2247 621 2308 certe
647 2265 714 2308 non
738 2243 901 2307 sufficeret
923 2242 964 2307 ad
987 2243 1076 2308 abdi·
1095 2257 1130 2307 20

117 2335 292 2416 sationem,
315 2333 455 2413 multum
478 2332 649 2416 proficeret
671 2331 735 2396 ista
758 2330 918 2396 defensio:
940 2353 1007 2396 non
1030 2333 1077 2398 di·

112 2423 175 2507 cit,
198 2425 365 2505 tamquam
388 2420 492 2506 patri:
515 2420 684 2505 „oportuit
706 2417 844 2504 facere,“
870 2420 939 2486 sed:
961 2422 1078 2505 „licuit

117 2509 230 2594 mihi,“
261 2514 427 2594 tamquam
459 2509 576 2575 alieno.
621 2509 690 2594 „lex
715 2512 778 2593 est,
801 2531 883 2595 quae
906 2512 1077 2594 permittat

116 2599 335 2664 adulterum
359 2620 441 2664 cum
466 2598 646 2663 adultera
670 2596 874 2664 occidere.“
910 2599 957 2665 sic
980 2621 1076 2686 agam

115 2686 179 2752 hoc
210 2691 378 2772 tamquam
411 2686 518 2752 caedis
551 2686 707 2753 causam?
753 2687 840 2772 quod
870 2687 898 2752 si
927 2688 1130 2771 ferarumne

116 2777 341 2860 ignosceretur
368 2776 456 2841 mihi.
501 2774 607 2841 Maior
635 2775 680 2840 sit
709 2797 821 2840 eorum
843 2776 990 2861 libertas,
1023 2776 1079 2861 qui

110 2864 245 2947 (ultro)
268 2865 479 2930 matrimonia
500 2865 687 2948 iunxerunt,
717 2865 773 2949 qui
795 2887 856 2950 per
882 2869 960 2933 vota
984 2885 1077 2930 vene·

189 2990 205 3037 2
224 2984 339 3050 furasse
352 2982 423 3038 *ad
436 2983 530 3038 fratris
548 2983 642 3038 uxoris
661 2984 712 3052 (cel
728 2984 856 3054 fratrias)
876 3000 899 3039 e.
915 3001 969 3052 sp.;
988 2985 1033 3037 ad.
1043 2982 1077 3034 fr.
1130 2973 1142 2981 ⁷.

112 3071 236 3183 {imme
254 3055 327 3120 Arm
345 3054 390 3108 ad.
408 3053 441 3109 fr.
457 3071 491 3108 ex
509 3071 611 3135 sponsa
625 3054 669 3108 Ro
682 3057 692 3125 ΙΙ
706 3060 722 3108 b
736 3055 830 3124 puelle
844 3059 867 3106 A
880 3057 890 3121 n
905 3059 937 3105 11
953 3053 1079 3106 omnium

156 3128 165 3195 ΙΙ
185 3131 217 3180 12
238 3124 316 3179 *sint
335 3124 372 3194 (.9)
387 3127 396 3195 11
416 3130 449 3179 13
468 3125 601 3180 abdrcare
618 3125 663 3195 1111
678 3131 711 3180 17
730 3126 780 3180 illa
796 3127 848 3180 illa
865 3125 958 3192 11118
977 3122 1079 3188 exingo

112 3202 157 3250 Aa
177 3197 187 3266 {t
208 3201 241 3250 19
260 3195 361 3267 facias]
380 3195 497 3266 patiaris
516 3196 570 3252 scu
589 3198 600 3265 fl
619 3202 654 3308 23
673 3195 734 3251 suff.
754 3193 961 3252 addicationem
978 3194 1024 3260 Au
1043 3191 1079 3242 21

116 3318 260 3393 proficeris
279 3321 308 3373 et
325 3319 368 3375 ita
385 3319 440 3376 def.
459 3328 508 3387 Aa,
528 3319 672 3389 proficeris
687 3317 862 3388 Aeneida,
878 3314 948 3370 dicis
963 3314 1007 3370 Ro
1020 3318 1030 3384 1
1044 3311 1083 3365 26

114 3406 270 3461 numquam
283 3394 307 3442 A
320 3391 330 3460 d
344 3396 377 3445 27
396 3389 541 3464 *<ultro>;
560 3408 599 3446 au
616 3409 678 3449 cum
687 3390 826 3446 &coccio
844 3387 1032 3449 secumdam*

113 3459 287 3534 patrimonia
304 3461 379 3516 iunx.
399 3461 448 3531 (?);
468 3463 596 3529 cfi12,5;
613 3479 683 3531 quos
702 3462 783 3515 matr.
801 3458 877 3516 iunx.
897 3456 966 3529 Bon
984 3462 987 3467 '
