2392 3862
160 219 204 284 58
525 216 757 283 QUINTILIANI

161 402 233 448 mor
255 383 367 465 itaque
389 381 425 444 in
447 379 578 445 civitate
600 402 666 445 non
686 380 803 464 quibus
819 378 900 443 alias
916 379 1000 445 solet
1014 380 1131 446 causis

162 473 293 537 exortus
316 473 380 534 cet:
404 469 461 534 sed
482 469 644 550 homines,
668 468 745 534 dum
766 466 988 552 indignantur,
1010 469 1129 534 nescio

163 560 215 624 cui
237 558 344 624 iuveni
363 557 487 643 optimo
506 561 540 622 et
557 557 662 622 nobili
680 557 751 621 dari
768 555 922 641 puellam,
940 557 1130 625 convicium

164 647 309 713 moribus
335 646 431 712 huiue
454 650 526 711 tum
548 666 624 710 uam
642 645 763 729 ingrati
777 644 934 710 fecerunt
956 644 1131 732 intellego,

127 735 295 820 uindices,
320 757 418 820 quum
441 667 568 801 difficili
586 755 630 799 ac
653 733 742 800 velut
765 732 936 818 scopuloso
959 732 1032 799 loco
1054 755 1130 799 ver·

164 829 253 890 satur
285 824 389 890 oratio
421 845 502 888 mea.
552 820 713 908 quomodo
743 842 872 887 narrem
903 820 1005 906 istud,
1037 822 1130 908 quod

162 912 302 979 confessi
326 912 460 978 sumus?
490 911 568 977 illud
592 915 673 997 puto
696 911 897 976 tutissimum
919 914 985 975 eet:
1007 932 1130 996 rapere

162 1003 267 1067 voluit
298 1000 389 1085 (huic
420 1001 507 1066 enim
539 1004 627 1066 certe
658 999 787 1066 crimini
816 996 1015 1084 ignoscitie):
1046 998 1129 1065 inde

162 1091 332 1173 tumultus,
346 1087 421 1154 inde
435 1110 530 1154 vocae
543 1090 764 1174 repugnantia,
779 1087 853 1152 inde
867 1087 1008 1153 fortasse
1023 1087 1129 1155 etiam

111 1202 144 1249 10
163 1179 267 1243 nimia
289 1177 416 1262 puellae
440 1177 583 1261 querela,
610 1177 695 1263 quod
718 1176 888 1243 audaciam
914 1197 973 1261 pro
1002 1176 1129 1244 iniuria

163 1267 253 1350 tulit3
284 1266 369 1352 quod
392 1271 587 1352 saraptam,
611 1266 763 1351 quoniam
786 1266 843 1331 ille
866 1285 980 1349 rapere
1003 1265 1130 1332 voluie·

163 1359 225 1439 set,
257 1355 481 1440 proclamavit
529 1376 588 1420 nec
625 1356 655 1419 is
688 1375 765 1420 sanc
797 1352 980 1439 negandum
1015 1354 1130 1421 existi·

165 1444 267 1510 mavit
286 1448 327 1528 et,
346 1465 542 1530 quamquam
564 1443 648 1508 nihil
668 1442 830 1508 acciderat
847 1443 925 1526 tale,
946 1442 1047 1508 amieo
1065 1464 1129 1510 auo

164 1531 331 1597 confessus
363 1537 422 1598 cet
467 1530 548 1597 illud
574 1537 662 1598 certe
694 1531 904 1596 manifestum
935 1535 999 1596 eet:
1030 1535 1130 1617 pater

111 1643 145 1692 15
165 1620 267 1685 filiam
293 1620 422 1704 putavit
449 1620 555 1686 irasci.
600 1620 709 1704 itaque
737 1620 876 1685 sollicite
900 1640 1042 1704 quoquc,
1064 1640 1130 1688 noc

164 1730 222 1792 pro
246 1709 384 1793 imperio
407 1712 536 1773 tantum
557 1710 674 1793 patris,
701 1708 757 1773 aad
781 1708 879 1774 ctiam
902 1730 962 1794 pro
985 1709 1131 1776 auotori-

165 1801 243 1880 tate,
265 1819 326 1881 pro
350 1799 584 1879 †eeutentia†
608 1797 796 1882 deprecatus
819 1800 879 1863 eet.
922 1800 993 1863 tum
1015 1797 1130 1865 admo

164 1886 236 1951 nuit
259 1886 363 1950 illam:
386 1890 548 1951 memento
571 1887 656 1951 hunc
678 1907 762 1971 esee,
789 1886 841 1952 cui
863 1885 967 1951 vitam
990 1884 1129 1974 dobeae3

164 1975 249 2041 hunc
259 1997 339 2059 esee,
348 1975 404 2059 qui
419 1979 453 2040 te
467 1996 505 2040 ex
519 1975 671 2060 periculis
685 1975 861 2041 servaverit
873 1974 982 2040 marie.
1001 1980 1131 2059 quanta

109 2085 145 2136 20
163 2064 221 2129 illa
244 2064 436 2149 gratulatio!
458 2067 583 2150 quanta
604 2064 709 2149 patrie
727 2063 800 2129 laus
818 2063 894 2128 fuit!
928 2084 1026 2147 quam
1044 2062 1130 2131 felix

164 2153 292 2219 domuel
315 2154 397 2219 nihil
421 2154 533 2219 decrat
550 2154 695 2234 felecitate
711 2156 852 2234 nostrae,
875 2152 903 2217 ei
921 2155 1034 2235 raptor
1047 2151 1130 2219 fiais-

165 2247 224 2307 sct.
268 2242 320 2307 his
357 2242 502 2308 moribus
537 2241 614 2325 suis,
641 2241 743 2323 <h>ac
770 2244 864 2305 tanta
889 2241 1038 2306 bonitate
1061 2262 1130 2307 me-

164 2331 268 2394 ruisse
295 2331 384 2395 visua
415 2333 465 2394 eet
487 2333 594 2413 pater,
627 2329 770 2412 quinon
792 2328 974 2395 falleretur:
1003 2327 1131 2397 indica-

166 2421 280 2482 verunt
301 2418 534 2502 integritatem.
579 2438 642 2500 quo
671 2422 880 2502 speraverant
906 2417 1066 2501 futurum,
1088 2423 1131 2485 ut

110 2526 146 2575 25
166 2505 272 2589 magis
296 2510 490 2589 amarentur,
519 2504 667 2572 incidunt
688 2507 723 2570 in
746 2507 911 2572 offensam.
951 2505 1017 2572 nisi
1038 2506 1131 2575 forta

165 2594 305 2659 invicem
336 2593 491 2678 ludimur,
528 2598 561 2658 et
591 2615 651 2660 noe
682 2599 776 2680 pater
806 2598 919 2660 mutuo
955 2593 1130 2662 mendacio

165 2686 286 2765 tentat,
319 2703 418 2766 quara
439 2704 505 2748 non
528 2684 636 2748 omnia
659 2685 771 2749 statim
795 2683 988 2767 simpliciter
1010 2683 1132 2751 dixeri·

165 2793 246 2855 mue,
270 2772 421 2837 minatur.
461 2771 516 2836 Dii
538 2771 668 2857 faciant,
690 2776 727 2838 ut
749 2773 812 2837 ieta
835 2773 878 2837 sit
901 2777 1046 2856 eventus,
1068 2774 1130 2859 qui

165 2859 270 2925 adhuc
293 2861 327 2925 in
349 2861 411 2926 hac
434 2859 530 2926 domo
553 2861 697 2927 omnium
720 2860 935 2945 periculorum
958 2860 1030 2926 fuit.

165 3086 289 3143 istimare
308 3089 352 3156 ΒΙΙ
368 3094 381 3142 1
401 3088 450 3158 qui
468 3088 530 3144 aliie
549 3088 653 3144 assolet
671 3088 762 3144 causis
775 3093 796 3141 B
810 3092 819 3159 ΙΙ
834 3094 850 3144 4
865 3088 964 3159 opinor
977 3092 1008 3154 A,
1028 3086 1129 3158 opimo

164 3162 199 3225 B,
229 3175 298 3214 corr.
318 3160 384 3226 Aer,
410 3160 542 3230 opulento
561 3159 603 3215 Gr
624 3162 634 3230 ΙΙ
657 3158 722 3214 darc
741 3164 764 3212 A
786 3163 795 3231 ss
818 3165 835 3216 8
857 3159 978 3230 ignoscis
1004 3163 1027 3211 A
1054 3159 1064 3227 l
1094 3164 1131 3216 10

166 3230 264 3284 mimia
281 3235 305 3282 A
328 3232 337 3300 11
364 3235 395 3284 11
415 3231 554 3297 quomodo
573 3232 664 3300 Bfl12
683 3228 728 3285 hie
747 3235 794 3283 AB
808 3233 818 3300 [Ι
833 3237 865 3285 13
885 3230 979 3285 auimo
999 3245 1049 3284 eno
1068 3234 1131 3300 Ae,

63 3366 67 3375 .
166 3315 235 3354 corr.
253 3299 309 3356 Otr
323 3303 332 3370 ΙΙ
346 3307 380 3354 14
399 3303 506 3357 certum
523 3304 567 3372 Bu
582 3306 614 3356 1r
634 3299 701 3356 dum
716 3304 827 3372 1111120
846 3302 908 3356 laus
927 3299 1015 3371 patrie
1033 3303 1131 3372 ¹l²l

167 3371 372 3439 *gratulationi
389 3376 450 3439 Ae,
475 3373 510 3439 cf.
530 3376 602 3438 56‚9
625 3373 635 3441 l
657 3378 691 3426 22
710 3370 805 3445 <h>ac
823 3373 871 3427 Bc
895 3373 905 3441 l
932 3371 1132 3440 ecquomodo

166 3444 258 3510 111125
279 3459 334 3497 am.
352 3444 419 3511 quia
437 3441 567 3499 incidunt
584 3447 624 3496 Aa
637 3444 646 3512 Ι]
660 3450 695 3498 27
714 3443 811 3499 statim
830 3460 881 3500 om.
899 3447 919 3494 B
