2392 3862
136 240 201 305 134
500 237 730 306 communen

132 405 246 469 daret?
277 403 363 488 quod
391 403 420 468 si
448 403 528 468 haec
557 403 666 468 omnia
693 403 728 468 in
755 401 902 469 confesso
931 407 1021 487 sunt,
1052 423 1094 467 ne

133 494 345 576 magistratus
380 492 509 577 quidem
542 495 730 557 erraverunt
762 512 799 556 eo
837 494 997 577 tempore,
1031 515 1096 577 quo

133 582 242 646 decem
270 581 361 646 milia
389 581 547 646 dederunt
574 580 663 646 mihi.
709 578 744 645 Si
772 582 947 645 intestatus
975 584 1011 646 tu
1042 581 1094 646 de·

132 671 292 772 cessisses,
312 670 352 734 ed
372 671 452 736 elios
472 670 638 755 quoslibet
655 673 712 734 tue
732 670 910 755 pertineret
895 669 1097 735 theredites.

98 774 114 822 5
134 760 181 823 vis
185 760 293 860 uscire,
316 781 415 843 quem
433 763 528 842 peter
544 779 612 823 non
629 758 803 822 fueris‘e-
812 760 984 842 :recipere
1002 759 1096 823 illum

129 848 193 912 nisi
217 848 333 912 solutis
364 847 529 912 alimentis
551 868 617 912 non
644 850 702 930 pot
702 848 790 913 uisti
841 848 894 911 lex
916 848 978 911 tibi
1000 847 1094 911 dicit·

129 937 277 1002 »alienus
305 940 356 1001 est
382 942 415 1002 et
437 936 513 1019 tibi,
541 940 578 1000 ut
599 939 693 1020 peter
717 956 787 1000 esse
810 936 960 1019 incipies,
984 957 1093 1000 emen-

16 1070 20 1083 «
130 1025 396 1090 dus«.'1emille
417 1024 565 1110 profecto
589 1025 672 1089 eitra
694 1024 984 1107 interrogationem
1008 1028 1092 1106 sunt,

130 1115 220 1179 cuius
247 1114 360 1178 tulerit
386 1135 519 1196 nomen,
546 1114 581 1177 in
611 1114 699 1178 cuius
728 1134 860 1178 censum
888 1112 1015 1178 delatus
1040 1114 1093 1178 sit

81 1219 114 1266 10
132 1204 271 1267 nimium
294 1203 349 1267 diu
373 1202 411 1266 de
435 1225 470 1267 re
494 1202 644 1268 iudicate.

195 1290 370 1377 Reliquum
393 1294 455 1375 est,
485 1295 522 1355 ut
543 1291 737 1374 intueamur,
760 1294 833 1355 uter
855 1294 1006 1355 nostrum
1029 1290 1093 1356 hee

128 1381 266 1463 pecunie
288 1379 419 1464 dignior
441 1401 512 1444 esse
535 1379 691 1444 videatur.
737 1381 797 1460 [et]
819 1379 1022 1443 utbreviter
1046 1379 1091 1444 di·

129 1491 213 1533 cam:
236 1472 274 1533 tu
297 1468 484 1552 exposuisti,
508 1488 568 1555 ego
589 1468 715 1534 sustuli.
745 1467 824 1551 seio,
845 1470 1091 1551 teeocpturum

129 1557 237 1639 altius,
260 1559 297 1620 ut
320 1556 417 1640 dices,
437 1557 584 1641 „genui“.
615 1557 678 1622 hoe
701 1559 751 1621 est
775 1578 874 1641 quare
892 1556 956 1621 tibi
974 1556 1092 1621 debea-

78 1658 111 1709 15
130 1666 201 1709 mus
224 1645 335 1709 irasci:
359 1649 515 1728 quantum
539 1645 578 1710 ed
601 1649 635 1710 te
657 1647 813 1729 pertinet
830 1666 897 1709 non
919 1644 1021 1711 hebet
1038 1666 1091 1710 res

128 1734 259 1816 publica
281 1733 388 1797 virum
406 1733 539 1820 fortem,
564 1736 621 1798 aut
638 1734 731 1798 illum
749 1733 838 1798 ferae
855 1735 1092 1817 laceraverunt,

130 1825 186 1886 eut
214 1844 288 1886 aves
316 1822 532 1908 diripuerunt,
560 1826 618 1887 aut
646 1822 763 1906 aliquis
795 1821 896 1906 (quod
920 1821 1024 1887 multo
1049 1821 1094 1887 sit

128 1909 308 1997 indignius)
337 1911 469 1976 sustulit
495 1911 570 1977 leno
599 1914 655 1976 eut
681 1911 810 1976 lanista.
856 1932 895 1974 ex
922 1911 1004 1976 meis
1034 1911 1093 1976 ille

129 2000 295 2065 beneficiis
322 2004 418 2066 uatus
447 2003 506 2065 est.
551 2000 746 2066 Intuendum
767 1999 863 2064 nobis
888 1999 987 2064 etiem
1003 1999 1093 2065 'illud

79 2104 112 2154 20
131 2090 303 2174 praecipue
323 2093 382 2169 est,
401 2111 484 2173 quae
502 2111 602 2155 causa
619 2088 864 2155 constituendae
886 2088 969 2172 legis
991 2088 1091 2154 huius

128 2178 236 2264 fuerit,
259 2183 315 2244 eut
337 2178 422 2243 uude
446 2183 556 2244 ortum
579 2179 633 2259 sit,
655 2182 692 2242 ut
715 2198 780 2242 non
800 2180 954 2243 contente
972 2177 1091 2242 civitas

128 2268 229 2349 fuerit
255 2268 437 2350 praemium
460 2267 526 2351 ipsi
548 2267 618 2331 viro
641 2265 719 2331 forti
742 2265 882 2348 dedisse,
909 2265 1091 2331 sedetiam

129 2359 256 2436 petrem
279 2356 375 2419 huius
399 2355 625 2419 honorandum
649 2354 819 2419 censuerit.
852 2355 968 2419 ideone
990 2354 1093 2420 hono·

129 2445 237 2506 ratum
266 2446 419 2526 putemus
449 2446 590 2525 patrem,
622 2441 708 2526 quod
737 2441 906 2526 genuerit?
941 2464 985 2508 en
1015 2441 1090 2509 ideo

76 2546 109 2594 25
129 2530 233 2614 magis
267 2531 411 2614 praemio
444 2529 579 2614 dignum
611 2530 726 2596 civitas
759 2530 973 2616 existimavit,
1004 2532 1091 2616 quod

129 2618 307 2703 educasset,
330 2618 416 2703 quod
438 2618 591 2703 inpensas
613 2618 766 2684 fecisset?
807 2619 856 2685 vis
879 2620 972 2704 scire,
993 2642 1092 2705 quam

129 2708 191 2773 hoc
220 2729 331 2772 verum
363 2706 428 2772 sit?
453 2730 517 2772 -ι
557 2707 694 2792 pecunia
726 2707 910 2774 honoravit.
956 2709 986 2773 si
1016 2709 1094 2793 quid

129 2796 262 2879 pietatis
286 2803 346 2879 est,
369 2796 455 2879 quod
476 2796 626 2881 inputare
644 2804 709 2862 'nos
726 2797 776 2862 rei
793 2796 943 2882 publicae
961 2802 1092 2881 praeter

131 2884 287 2950 elimenta
309 2905 494 2968 possumus,
526 2885 609 2950 illud
639 2888 702 2950 cst:
735 2886 804 2950 esic
831 2885 978 2970 educavi,
1008 2886 1093 2952 talia

77 2990 111 3039 eo
130 2975 288 3060 praecepi,
312 2973 359 3038 sic
376 2973 517 3040 formavi
535 2994 669 3040 mores<
690 2994 756 3039 non
780 2977 831 3040 est
854 2975 935 3040 satis
959 2974 1021 3040 hoc
1043 2976 1093 3041 in·

203 3167 245 3219 1
238 3186 272 3220 ιιι
291 3165 370 3222 conf
386 3171 409 3218 Δ
426 3168 436 3236 ΙΙ
454 3172 469 3220 3
490 3164 562 3219 mihi
580 3166 717 3221 dederuut
733 3170 754 3219 B
772 3167 782 3236 ΙΙ
800 3173 817 3221 4
836 3165 996 3235 perveniret
1013 3168 1093 3236 Bflt

132 3238 260 3310 censu[m
259 3237 362 3362 ,se
358 3239 368 3307 ΙΙ
383 3243 414 3290 11
435 3238 469 3291 ut
486 3251 536 3291 om.
557 3240 603 3309 ΔΗ
618 3242 651 3291 la
670 3236 725 3308 [et]
745 3236 789 3292 Ito
802 3239 813 3308 fl
826 3242 860 3292 15
878 3237 982 3293 habere
1000 3253 1094 3307 respo.

130 3313 151 3359 B
174 3309 183 3377 ΙΙ
208 3315 240 3363 17
280 3327 334 3379 inp
334 3308 465 3363 uiveruut
482 3311 523 3361 Aa
544 3309 555 3377 ΙΙ
578 3313 611 3362 18
630 3307 683 3363 iste
702 3313 742 3362 aa
761 3309 771 3378 ΙΙ
791 3312 824 3363 19
842 3307 982 3363 veneficus
997 3307 1094 3391 31128

130 3395 196 3433 vero
215 3382 266 3448 An
288 3327 334 3434 nep
342 3381 546 3435 censueruntB
569 3380 579 3449 ΙΙ
602 3384 636 3433 24
654 3378 731 3451 ideo]
751 3382 822 3433 eeB
844 3380 855 3448 1
877 3383 912 3434 26
930 3397 976 3449 qu.
992 3378 1095 3461 iupen·
1165 3434 1168 3439 .

121 3452 221 3572 leyesset
243 3451 286 3504 vis
304 3456 346 3503 Δι
368 3449 408 3520 n
399 3466 565 3522 inpensas
587 3453 610 3503 Δ
633 3452 643 3520 ΙΙ
665 3454 699 3503 28
723 3448 816 3519 pietas
833 3455 867 3517 ὴ
898 3447 1002 3519 pietati
1019 3449 1096 3506 inest

154 3537 172 3573 a
