2392 3862
171 205 215 270 50
537 202 766 271 ourrumnru

170 372 207 432 ut
233 367 457 433 testimonium
488 388 553 432 non
585 367 626 432 ad
657 367 830 433 arbitrium
857 372 1032 451 parentum
1060 370 1139 435 red-

171 455 254 538 dere,
269 455 422 536 †immo†
436 454 577 538 suadere,
600 455 687 540 quod
701 455 828 521 animus
844 456 1023 522 dictaverit
1046 459 1139 542 quod

171 545 199 609 si
226 544 303 609 licet
329 543 500 628 aliquando
528 545 627 609 etiam
654 549 768 609 contra
794 545 898 628 patrie
928 546 1136 613 voluntatem

171 653 223 715 ea,
257 653 337 717 quae
374 632 495 717 alioqui
535 631 818 716 reprehensionem
854 652 922 698 non
957 638 1138 715 merentur,

134 738 150 784 c
169 721 236 785 filio
259 721 378 787 facere:
400 741 561 805 nusquam
579 724 691 786 temen
708 721 843 786 libertas
857 725 927 786 tam
940 722 1141 809 necessaria,

170 831 267 895 quam
289 811 325 874 in
347 809 556 875 matrimonio
580 812 638 875 est
676 813 708 874 et
729 809 792 875 hoc
811 810 959 894 dicerem,
981 809 1010 876 11
1031 832 1134 895 quae-

168 902 293 963 reretur
315 898 378 964 hoc
401 897 534 982 iudicio,
561 919 604 963 arr
631 897 712 962 mihi
736 898 846 983 aliqua
868 896 1013 965 ducende
1035 903 1138 966 esset.

168 1007 228 1072 ego
257 987 392 1072 eligam,
418 1007 491 1051 oum
521 1007 586 1071 qua
608 985 751 1052 victurus
774 1008 860 1073 sum3
892 1006 953 1073 ego
977 989 1136 1055 comitem

169 1076 330 1159 laborum,
358 1072 624 1157 sollicitudinum,
656 1094 807 1140 curarum
829 1075 898 1159 ipse
920 1077 1137 1161 perpendam.

119 1163 244 1247 requie
272 1164 359 1228 enim
386 1185 495 1229 amare
519 1164 623 1228 alieno
647 1164 755 1229 animo
778 1163 911 1246 potest?
942 1186 1028 1230 nunc
1051 1186 1136 1233 vero

167 1252 291 1317 firmius
314 1251 376 1316 hoc
399 1273 468 1316 esse
491 1255 586 1336 atque
609 1251 738 1317 facilius
757 1253 881 1336 coepit:
909 1274 1043 1318 uxorem
1063 1254 1135 1320 iam

168 1339 243 1405 duxi
266 1339 348 1426 (non
370 1340 442 1405 dico
461 1339 575 1426 quare)
595 1361 667 1406 meo
686 1340 837 1424 impulsu,
859 1360 932 1406 mea
950 1342 1138 1411 voluntate.

166 1428 643 1582 1111111111
656 1429 1135 1608 1111111111

115 1620 148 1669 15
167 1626 221 1668 ras
254 1609 287 1670 et
314 1605 483 1689 copulatos
511 1605 578 1671 iam
609 1605 664 1670 diu
695 1605 819 1671 diducis
842 1607 977 1673 animos.
1023 1629 1137 1693 neque

168 1693 253 1756 enim
287 1692 351 1758 hoc
385 1697 422 1758 tu
455 1695 663 1779 spectaveris,
701 1695 786 1779 quod
817 1716 891 1761 cum
922 1716 1023 1760 uxore
1056 1718 1136 1764 mea

165 1802 234 1844 non
261 1781 315 1845 diu
342 1781 418 1847 vixi.
463 1782 533 1847 sine
565 1780 663 1848 dubio
692 1782 866 1848 secundum
894 1784 1026 1867 nuptias
1055 1807 1136 1870 pro·

165 1869 270 1934 fectus
294 1892 375 1953 sum,
399 1871 550 1935 continuo
569 1891 621 1934 me
639 1871 867 1956 peregrinatio
893 1873 1031 1956 excepit:
1064 1876 1132 1957 [et]

165 1959 217 2022 vel
240 1958 302 2024 hoc
325 1959 397 2042 ipso
422 1959 563 2043 iniquius
583 1964 633 2024 est
650 1959 815 2045 repudiari
835 1980 916 2046 eam,
938 1982 1023 2047 ques
1041 1970 1137 2029 certe

112 2063 145 2111 20
166 2069 230 2112 non
254 2047 364 2131 potuit
387 2047 556 2114 offendere.

232 2134 471 2203 Descendamus
506 2157 585 2202 sane
612 2136 652 2201 ad
680 2136 764 2202 hanc
794 2158 922 2223 quoque
951 2140 1135 2206 necessita·

165 2229 242 2308 tem,
264 2230 302 2291 ut
324 2225 506 2309 imperante
529 2228 623 2308 patre
645 2225 746 2290 etiam
769 2226 940 2311 repudium
961 2226 1049 2292 filius
1073 2228 1132 2295 ds·

165 2313 243 2377 beat
265 2313 349 2396 pati:
382 2313 460 2397 quid
484 2312 523 2376 de
546 2313 632 2396 ipsa,
656 2334 754 2396 quem
776 2314 941 2398 repudiari
963 2314 1026 2398 vis,
1050 2338 1134 2401 que-

165 2399 243 2464 rar?
280 2422 358 2464 sane
386 2404 479 2484 peter
507 2400 606 2464 fuerit
633 2401 797 2467 inimicus:
835 2425 892 2468 cur
918 2402 1000 2468 haec
1022 2424 1133 2472 nurus

112 2504 237 2553 111111
262 2487 403 2571 desinat,
431 2509 528 2571 quam
555 2488 639 2553 nihil
665 2510 816 2573 peccasse
839 2496 875 2556 tu
900 2513 1028 2577 quoque
1051 2514 1132 2561 oon·

163 2576 281 2659 filaris,
313 2577 368 2660 qui
399 2576 557 2660 expellis?
602 2598 702 2663 negas
732 2578 880 2645 idoneam
911 2600 982 2646 esse
1010 2583 1129 2648 matri·

162 2665 274 2730 monio
294 2685 366 2730 meo
380 2665 583 2749 locupletem.
607 2689 705 2751 quam
718 2688 841 2751 vereor,
854 2690 896 2734 ne
909 2669 962 2735 oui
976 2669 1131 2737 videatur

161 2758 256 2837 pater
285 2753 331 2818 sic
362 2754 512 2819 inimicus
539 2754 633 2820 diviti
661 2776 732 2821 esse
764 2757 918 2840 coepisse.
971 2759 1131 2843 non<ns)

163 2842 249 2906 enim
276 2842 408 2907 fortuna
435 2844 469 2908 in
497 2843 686 2910 utramlibet
712 2848 841 2929 partem
869 2844 1024 2911 intuenda
1049 2848 1128 2914 eet?

111 2947 145 2995 30
165 2952 208 2994 an
236 2952 312 2995 vero
340 2932 426 3016 apud
448 2953 501 2996 me
524 2935 640 2998 noceat
661 2933 804 3017 puellae,
835 2934 922 3018 quod
945 2935 1033 3000 dives
1064 2942 1131 3023 est,

233 3130 246 3177 1
266 3123 323 3178 red.
343 3123 408 3178 ideo
428 3141 448 3178 s.
467 3129 500 3191 1’3
518 3123 553 3189 cf.
573 3123 638 3180 dccl
657 3128 714 3182 378
733 3126 743 3194 ΙΙ
762 3129 778 3179 6
796 3124 1049 3181 matrimonium
1069 3127 1127 3184 fn-

159 3194 230 3246 turi
248 3194 364 3249 meriti
384 3211 516 3264 semper
534 3193 666 3249 iudicio
684 3195 953 3265 permittendum
976 3198 1023 3266 ΔΙΙ
1044 3203 1059 3253 'l
1079 3198 1125 3254 iu-

161 3264 265 3319 dicium
287 3266 341 3321 hac
364 3265 434 3319 mihi
457 3270 492 3332 Δ,
520 3263 654 3320 iudicium
672 3284 683 3321 1
700 3282 734 3320 ac
752 3266 822 3320 mihi
840 3272 874 3333 B,
902 3284 970 3324 corr.
992 3267 1031 3322 Pi
1053 3270 1065 3337 d
1088 3276 1130 3327 10

49 3384 52 3389 .
159 3352 232 3389 nunc
251 3335 326 3390 enim
343 3336 402 3392 fir
425 3338 435 3405 ΙΙ
459 3343 491 3390 11
512 3334 612 3404 cepiB
635 3338 645 3405 11
669 3336 912 3410 mdiunonrp
934 3338 1126 3397 111111111-

159 3423 221 3459 mus
239 3409 259 3456 B
278 3410 287 3476 {l
307 3413 338 3462 23
358 3409 491 3476 queratur
509 3411 529 3458 B
549 3408 609 3475 1126
628 3411 735 3478 negant
752 3413 805 3476 Aa,
825 3414 911 3479 neget
928 3414 1013 3481 abr,
1031 3427 1129 3483 negas

158 3478 201 3545 ΡΙ)
216 3481 249 3531 28
270 3479 344 3547 cepit
361 3482 408 3547 Ba,
428 3479 548 3548 cepisset
566 3481 604 3530 Bb
615 3483 635 3530 P
648 3479 658 3547 ΙΙ
671 3478 821 3553 *111κ11>
