2392 3862
352 233 673 291 DECLAMATIONES.
693 234 845 291 CCCXXV.
1007 234 1071 300 281
1189 270 1191 275 ·

114 399 186 466 Vox
213 399 394 465 communis
423 402 486 482 est3
519 396 634 462 iisdem
666 397 788 464 verbis.
804 398 1007 484 interrogare
1040 401 1073 464 te

112 511 260 574 possum:
293 487 370 573 quid
397 508 575 570 merueras,
607 488 645 550 ut
667 489 700 551 te
724 486 878 551 scriberet
899 487 1073 553 heredem?

112 577 268 663 quamdiu
295 578 382 642 enim
410 575 543 640 tertium
570 596 637 639 non
666 573 813 659 exhibes,
845 576 896 641 cui
918 576 1075 643 debeatur

111 666 289 749 hereditas,
316 665 403 730 inter
433 686 494 729 nos
526 663 674 748 quaestio
703 666 762 728 est.
808 664 836 728 si
862 666 1074 748 nominasses,

111 755 251 820 fortasse
280 756 313 819 et
340 753 391 817 illi
424 752 577 818 dicerem:
613 773 676 836 quo
704 752 846 817 merito?
884 753 938 818 sed
969 770 1107 840 nequeo

111 844 264 910 nominas
292 842 395 907 ullum
418 842 596 908 extrarium
618 863 724 925 neque
747 840 912 906 vindicare
934 842 998 907 tibi
1020 865 1075 926 po-

112 936 163 996 tes
186 930 410 996 hereditatem.
450 931 585 1016 proinde
607 931 702 996 nobis
726 931 899 1015 responde:
923 952 987 1015 quo
1011 953 1075 996 me·

113 1020 179 1085 rito
200 1019 324 1104 <tu0>?
341 1021 439 1085 nullo.
467 1021 539 1105 quis
562 1020 694 1105 ignorat
716 1023 988 1085 testamentorum
1011 1019 1076 1086 for·

112 1109 249 1174 tunam?
273 1113 306 1173 et
329 1113 414 1174 esset
436 1108 578 1174 fortasse
601 1109 636 1172 in
658 1111 766 1174 totum
788 1109 936 1193 iniquum
954 1109 1075 1193 requiri

112 1219 132 1261 a
154 1198 249 1263 nobis
272 1199 392 1264 mentis
415 1198 541 1264 alienae
565 1198 737 1262 rationem.
774 1197 1004 1282 suntquidam
1027 1199 1075 1263 in·
1095 1212 1129 1262 10

111 1287 325 1352 rationabiles
350 1287 493 1370 impetus
519 1286 715 1370 animorum,
745 1286 904 1370 quaedam
930 1287 1077 1372 gratuita

111 1372 164 1459 (ut
191 1375 291 1457 vulgo
320 1373 493 1461 vocantur)
522 1374 604 1440 odia.
655 1374 805 1459 quotiens
833 1375 1013 1440 audivimus
1040 1376 1075 1439 fi-

111 1463 194 1526 lium
217 1463 392 1527 dicentem:
425 1485 488 1548 quo
519 1485 591 1529 meo
613 1464 730 1529 merito
753 1467 847 1546 pater
868 1486 921 1529 me
944 1465 1075 1531 exhere-

113 1549 224 1616 davit?
256 1551 383 1617 nullam
405 1574 475 1617 rem
497 1552 700 1638 frequentior
723 1553 895 1618 admiratio
920 1554 1074 1638 sequitur.

184 1638 248 1705 Sed
269 1641 439 1706 tolerabile
463 1646 542 1724 erat,
565 1642 594 1706 si
618 1642 895 1728 interrogaremur
917 1642 980 1708 hoc
1003 1646 1073 1708 tan·
1095 1654 1128 1704 15

111 1732 182 1794 tum
211 1729 250 1795 de
277 1731 470 1796 hereditate:
499 1731 598 1796 altius
627 1731 809 1797 convicium
837 1733 985 1814 quaestio
1008 1731 1075 1796 ista

109 1817 218 1884 habet.
263 1819 362 1903 quid?
395 1821 423 1883 si
447 1841 515 1884 non
538 1819 717 1885 communis
740 1820 807 1884 ista
833 1819 971 1884 infamia
996 1819 1076 1884 fuis·

111 1911 169 1971 set.
193 1907 270 1991 quid
294 1907 395 1993 ergo?
426 1927 543 1991 negem
566 1906 667 1972 fuisse
690 1928 863 1991 rumorem,
891 1909 946 1991 qui
970 1928 1077 1990 asper·

112 1998 204 2078 geret
220 1995 305 2060 hanc
322 1994 502 2060 feminam?
526 2000 563 2060 tu
581 1996 654 2076 sois,
678 2017 721 2059 an
738 2016 817 2059 vera
835 1995 910 2058 sint.
934 1999 967 2059 et
984 2016 1076 2079 prae-

109 2082 199 2146 senti
220 2081 362 2146 fortasse
385 2083 439 2146 liti
461 2082 515 2148 vel
537 2081 730 2166 expediebat
752 2082 908 2147 confiteri.
948 2104 1026 2146 nam
1049 2083 1076 2148 si
1095 2097 1129 2146 2⁰

111 2168 208 2252 istud,
227 2169 313 2253 quod
331 2170 478 2256 intellegi
495 2169 555 2252 vis,
573 2191 685 2235 verum
705 2173 764 2254 est,
782 2170 893 2254 utique
911 2169 1075 2236 hereditas

110 2261 225 2323 nostra
254 2261 313 2322 est.
359 2258 415 2323 sed
442 2258 579 2342 pecunia
606 2260 715 2344 potius
738 2259 973 2343 periclitemur:
1006 2261 1077 2325 nul-

112 2347 181 2412 lum
213 2347 367 2411 meritum
398 2348 509 2413 uxoris
541 2351 616 2413 tuae
649 2347 802 2413 adversus
835 2347 969 2413 divitem
1005 2348 1075 2414 fuit.

112 2435 205 2521 quasi
233 2457 310 2501 vero
337 2435 463 2501 meritis
492 2440 621 2502 tantum
649 2437 845 2502 hereditates
876 2437 1075 2523 contingant.

110 2526 248 2590 interest
272 2547 314 2589 an
337 2528 473 2608 ametur,
496 2525 552 2609 qui
576 2525 686 2591 amat?
708 2526 819 2610 potuit
840 2526 924 2591 hanc
949 2549 1075 2592 amasse
1093 2539 1127 2591 25

110 2613 265 2679 feminam
289 2613 389 2694 dives,
412 2615 503 2679 salva
525 2614 622 2680 huius
646 2615 853 2680 conscientia.
889 2616 985 2697 [erat]
1006 2637 1075 2700 spe-

111 2701 200 2767 ciosa
219 2705 297 2768 erat
325 2703 434 2786 potuit
451 2703 487 2767 in
504 2702 591 2769 hunc
606 2703 768 2769 adfectum
786 2703 946 2771 incidisse.
978 2705 1076 2769 multi

112 2793 201 2875 sunt,
232 2791 288 2875 qui
314 2794 513 2858 testamenta
544 2793 591 2858 sic
614 2792 773 2876 scribant,
802 2795 970 2876 temquam
992 2792 1075 2858 illud

112 2876 153 2942 ad
176 2878 279 2943 vitam
298 2900 408 2944 eorum
426 2881 597 2965 pertineat.
631 2881 677 2945 sic
696 2880 827 2964 quidam
844 2880 980 2946 heredes
1001 2881 1076 2945 scri-

111 2966 195 3031 bunt
231 2987 301 3050 eos,
337 2989 419 3052 quos
455 2972 600 3053 captant,
637 2972 804 3053 tamquam
841 2970 1074 3049 intellecturos,
1093 2982 1128 3031 30

121 3073 123 3077 ⁷
184 3093 198 3141 1
218 3085 328 3142 hisdem
346 3091 391 3140 AB
405 3089 414 3157 ΙΙ
428 3089 607 3156 quominus
626 3093 650 3141 A
667 3091 677 3158 11
695 3095 711 3144 3
731 3090 816 3144 etiam
834 3094 898 3157 An,
918 3105 988 3144 corr.
1007 3088 1077 3160 Scbll

112 3163 127 3213 5
146 3159 288 3227 quomodo
307 3160 408 3215 merito
426 3164 447 3212 B
461 3162 470 3230 fl
485 3166 500 3215 ‘1
518 3159 635 3240 perinde
649 3164 670 3212 B
683 3160 693 3230 ΙΙ
706 3161 888 3230 respondebis
901 3164 925 3212 A
938 3160 947 3228 ΙΙ
961 3158 1077 3233 8<tuo>

110 3229 1077 3428 tallar:fef-1.⁸ll¹[:aq⁰r0⁸ll:a:eleanan

110 3370 155 3428 Ro
168 3373 179 3442 l
192 3377 227 3427 28
241 3373 408 3428 adversus
422 3376 445 3426 A
458 3374 517 3442 {124
536 3390 591 3428 ers
621 3372 728 3430 itates
747 3389 998 3441 nonnumquam
1017 3391 1077 3428 usu

111 3441 230 3585 pppr‘que
248 3460 316 3501 non
333 3442 459 3500 merito
477 3447 572 3516 Alto
589 3444 640 3502 int
659 3447 693 3500 ut
710 3460 764 3499 am.
783 3448 875 3513 31126
895 3443 1018 3499 foemina
1036 3445 1075 3517 ΓΞ
