<?xml version="1.0" encoding="UTF-8"?>
<!DOCTYPE html PUBLIC "-//W3C//DTD XHTML 1.0 Transitional//EN"
    "http://www.w3.org/TR/xhtml1/DTD/xhtml1-transitional.dtd">
<html xmlns="http://www.w3.org/1999/xhtml" xml:lang="en" lang="en">
 <head>
  <title>
</title>
<meta http-equiv="Content-Type" content="text/html;charset=utf-8" />
  <meta name='ocr-system' content='tesseract 3.04.00' />
  <meta name='ocr-capabilities' content='ocr_page ocr_carea ocr_par ocr_line ocrx_word'/>
</head>
<body>
  <div class='ocr_page' id='page_1' title='image "./mfabiiquintilia00rittgoog_0034.png"; bbox 0 0 2392 3862; ppageno 0'>
   <div class='ocr_carea' id='block_1_1' title="bbox 484 215 1075 274">
    <p class='ocr_par' dir='ltr' id='par_1_1' title="bbox 484 215 1075 274">
     <span class='ocr_line' id='line_1_1' title="bbox 484 215 1075 274; baseline 0.007 -4"><span class='ocrx_word' id='word_1_1' title='bbox 484 215 700 272; x_wconf 81' lang='lat' dir='ltr'><strong>PRAEFATIO.</strong></span> <span class='ocrx_word' id='word_1_2' title='bbox 970 219 1075 274; x_wconf 85' lang='lat' dir='ltr'>XXVII</span> 
     </span>
    </p>
   </div>
   <div class='ocr_carea' id='block_1_2' title="bbox 112 366 1074 638">
    <p class='ocr_par' dir='ltr' id='par_1_2' title="bbox 112 366 1074 638">
     <span class='ocr_line' id='line_1_2' title="bbox 180 366 1074 446; baseline 0.004 -20"><span class='ocrx_word' id='word_1_3' title='bbox 180 366 300 426; x_wconf 77' lang='lat' dir='ltr'><strong>Gratias</strong></span> <span class='ocrx_word' id='word_1_4' title='bbox 327 384 387 426; x_wconf 91' lang='lat' dir='ltr'><strong>non</strong></span> <span class='ocrx_word' id='word_1_5' title='bbox 414 366 502 425; x_wconf 89' lang='lat' dir='ltr'><strong>modo</strong></span> <span class='ocrx_word' id='word_1_6' title='bbox 530 368 573 427; x_wconf 87' lang='lat' dir='ltr'><strong>eis</strong></span> <span class='ocrx_word' id='word_1_7' title='bbox 601 387 674 444; x_wconf 90' lang='lat' dir='ltr'><strong>quos</strong></span> <span class='ocrx_word' id='word_1_8' title='bbox 698 387 789 446; x_wconf 89' lang='lat' dir='ltr'><strong>supra</strong></span> <span class='ocrx_word' id='word_1_9' title='bbox 819 369 971 430; x_wconf 76' lang='lat' dir='ltr'><strong>nominari</strong></span> <span class='ocrx_word' id='word_1_10' title='bbox 1002 370 1074 430; x_wconf 88' lang='lat' dir='ltr'><strong>viris</strong></span> 
     </span>
     <span class='ocr_line' id='line_1_3' title="bbox 112 462 1074 545; baseline 0.005 -23"><span class='ocrx_word' id='word_1_11' title='bbox 112 463 306 537; x_wconf 78' lang='lat' dir='ltr'><strong>doctissimis,</strong></span> <span class='ocrx_word' id='word_1_12' title='bbox 334 462 386 522; x_wconf 87' lang='lat' dir='ltr'><strong>sed</strong></span> <span class='ocrx_word' id='word_1_13' title='bbox 409 463 546 524; x_wconf 87' lang='lat' dir='ltr'><strong>omnibus</strong></span> <span class='ocrx_word' id='word_1_14' title='bbox 571 466 621 541; x_wconf 91' lang='lat' dir='ltr'><strong>qui</strong></span> <span class='ocrx_word' id='word_1_15' title='bbox 644 467 745 545; x_wconf 91' lang='lat' dir='ltr'><strong>aliquo</strong></span> <span class='ocrx_word' id='word_1_16' title='bbox 768 485 858 543; x_wconf 87' lang='lat' dir='ltr'><strong>opere</strong></span> <span class='ocrx_word' id='word_1_17' title='bbox 880 486 928 527; x_wconf 86' lang='lat' dir='ltr'><strong>me</strong></span> <span class='ocrx_word' id='word_1_18' title='bbox 952 467 1074 527; x_wconf 85' lang='lat' dir='ltr'><strong>adiuve-</strong></span> 
     </span>
     <span class='ocr_line' id='line_1_4' title="bbox 112 553 628 638; baseline 0.006 -18"><span class='ocrx_word' id='word_1_19' title='bbox 112 565 194 634; x_wconf 92' lang='lat' dir='ltr'><strong>runt,</strong></span> <span class='ocrx_word' id='word_1_20' title='bbox 218 562 313 621; x_wconf 90' lang='lat' dir='ltr'><strong>habeo</strong></span> <span class='ocrx_word' id='word_1_21' title='bbox 337 578 453 638; x_wconf 82' lang='lat' dir='ltr'><strong>egoque</strong></span> <span class='ocrx_word' id='word_1_22' title='bbox 476 553 628 623; x_wconf 83' lang='lat' dir='ltr'><strong>maximas.</strong></span> 
     </span>
    </p>
   </div>
   <div class='ocr_carea' id='block_1_3' title="bbox 180 684 1073 749">
    <p class='ocr_par' dir='ltr' id='par_1_3' title="bbox 180 684 1073 749">
     <span class='ocr_line' id='line_1_5' title="bbox 180 684 1073 749; baseline 0 -4"><span class='ocrx_word' id='word_1_23' title='bbox 180 685 242 746; x_wconf 86' lang='lat' dir='ltr'><strong>Sor.</strong></span> <span class='ocrx_word' id='word_1_24' title='bbox 264 686 296 744; x_wconf 89' lang='lat' dir='ltr'><strong>in</strong></span> <span class='ocrx_word' id='word_1_25' title='bbox 318 684 500 745; x_wconf 87' lang='lat' dir='ltr'><strong>monasterio</strong></span> <span class='ocrx_word' id='word_1_26' title='bbox 519 685 699 747; x_wconf 89' lang='lat' dir='ltr'><strong>Blabureusi</strong></span> <span class='ocrx_word' id='word_1_27' title='bbox 722 706 823 748; x_wconf 86' lang='lat' dir='ltr'><strong>mense</strong></span> <span class='ocrx_word' id='word_1_28' title='bbox 843 687 957 748; x_wconf 84' lang='lat' dir='ltr'><strong>octobri</strong></span> <span class='ocrx_word' id='word_1_29' title='bbox 978 689 1073 749; x_wconf 82' lang='lat'><strong>1884.</strong></span> 
     </span>
    </p>
   </div>
   <div class='ocr_carea' id='block_1_4' title="bbox 810 828 1001 890">
    <p class='ocr_par' dir='ltr' id='par_1_4' title="bbox 810 828 1001 890">
     <span class='ocr_line' id='line_1_6' title="bbox 810 828 1001 890; baseline 0 -2"><span class='ocrx_word' id='word_1_30' title='bbox 810 833 844 888; x_wconf 83' lang='lat'><strong>0.</strong></span> <span class='ocrx_word' id='word_1_31' title='bbox 866 828 1001 890; x_wconf 64' lang='lat' dir='ltr'><strong>Ritten‘</strong></span> 
     </span>
    </p>
   </div>
   <div class='ocr_carea' id='block_1_5' title="bbox 106 1710 1146 3550">
    <p class='ocr_par' dir='ltr' id='par_1_5' title="bbox 106 1710 1146 3550">
     <span class='ocr_line' id='line_1_7' title="bbox 112 1710 1072 1781; baseline 0.002 -16"><span class='ocrx_word' id='word_1_32' title='bbox 112 1710 266 1778; x_wconf 87' lang='lat' dir='ltr'><strong>crebroita,</strong></span> <span class='ocrx_word' id='word_1_33' title='bbox 280 1710 507 1781; x_wconf 83' lang='lat' dir='ltr'><strong>utAbcorrigat,</strong></span> <span class='ocrx_word' id='word_1_34' title='bbox 517 1711 793 1766; x_wconf 84' lang='lat' dir='ltr'><strong>Aatamenscribat:</strong></span> <span class='ocrx_word' id='word_1_35' title='bbox 809 1711 951 1781; x_wconf 88' lang='lat' dir='ltr'><strong>constetit,</strong></span> <span class='ocrx_word' id='word_1_36' title='bbox 958 1711 1072 1779; x_wconf 82' lang='lat' dir='ltr'><strong>deffido,</strong></span> 
     </span>
     <span class='ocr_line' id='line_1_8' title="bbox 110 1780 1075 1852; baseline 0.002 -16"><span class='ocrx_word' id='word_1_37' title='bbox 110 1782 269 1837; x_wconf 77' lang='lat' dir='ltr'><strong>desertores</strong></span> <span class='ocrx_word' id='word_1_38' title='bbox 287 1785 359 1850; x_wconf 79' lang='lat' dir='ltr'><strong>(gen.</strong></span> <span class='ocrx_word' id='word_1_39' title='bbox 379 1780 461 1851; x_wconf 83' lang='lat' dir='ltr'><strong>sing.)</strong></span> <span class='ocrx_word' id='word_1_40' title='bbox 485 1798 606 1850; x_wconf 89' lang='lat' dir='ltr'><strong>mesere,</strong></span> <span class='ocrx_word' id='word_1_41' title='bbox 629 1783 791 1849; x_wconf 88' lang='lat' dir='ltr'><strong>meseratio;</strong></span> <span class='ocrx_word' id='word_1_42' title='bbox 816 1799 850 1837; x_wconf 89' lang='lat' dir='ltr'><strong>ae</strong></span> <span class='ocrx_word' id='word_1_43' title='bbox 869 1799 980 1852; x_wconf 85' lang='lat' dir='ltr'><strong>quoque</strong></span> <span class='ocrx_word' id='word_1_44' title='bbox 999 1785 1075 1838; x_wconf 86' lang='lat' dir='ltr'><strong>haud</strong></span> 
     </span>
     <span class='ocr_line' id='line_1_9' title="bbox 111 1851 1146 1924; baseline 0.003 -18"><span class='ocrx_word' id='word_1_45' title='bbox 111 1868 176 1907; x_wconf 87' lang='lat' dir='ltr'><strong>raro</strong></span> <span class='ocrx_word' id='word_1_46' title='bbox 195 1852 258 1907; x_wconf 92' lang='lat' dir='ltr'><strong>loco</strong></span> <span class='ocrx_word' id='word_1_47' title='bbox 276 1852 286 1908; x_wconf 95' lang='lat' dir='ltr'><strong>i</strong></span> <span class='ocrx_word' id='word_1_48' title='bbox 304 1851 404 1906; x_wconf 86' lang='lat' dir='ltr'><strong>literae</strong></span> <span class='ocrx_word' id='word_1_49' title='bbox 422 1852 558 1922; x_wconf 85' lang='lat' dir='ltr'><strong>positum:</strong></span> <span class='ocrx_word' id='word_1_50' title='bbox 583 1853 749 1920; x_wconf 83' lang='lat' dir='ltr'><strong>exaestimc,</strong></span> <span class='ocrx_word' id='word_1_51' title='bbox 773 1855 803 1908; x_wconf 87' lang='lat' dir='ltr'><strong>et</strong></span> <span class='ocrx_word' id='word_1_52' title='bbox 820 1853 883 1907; x_wconf 79' lang='lat' dir='ltr'><strong>vice</strong></span> <span class='ocrx_word' id='word_1_53' title='bbox 901 1869 994 1908; x_wconf 86' lang='lat' dir='ltr'><strong>versa:</strong></span> <span class='ocrx_word' id='word_1_54' title='bbox 1017 1855 1074 1924; x_wconf 89' lang='lat' dir='ltr'><strong>pri·</strong></span> <span class='ocrx_word' id='word_1_55' title='bbox 1140 1911 1146 1921; x_wconf 77' lang='grc'><em>,</em></span> 
     </span>
     <span class='ocr_line' id='line_1_10' title="bbox 112 1922 1074 1993; baseline 0.002 -16"><span class='ocrx_word' id='word_1_56' title='bbox 112 1923 200 1978; x_wconf 91' lang='lat' dir='ltr'><strong>mium</strong></span> <span class='ocrx_word' id='word_1_57' title='bbox 223 1939 273 1992; x_wconf 87' lang='lat' dir='ltr'><strong>pro</strong></span> <span class='ocrx_word' id='word_1_58' title='bbox 296 1922 438 1992; x_wconf 83' lang='lat' dir='ltr'><strong>praemi03</strong></span> <span class='ocrx_word' id='word_1_59' title='bbox 462 1922 472 1976; x_wconf 91' lang='lat' dir='ltr'><strong>i</strong></span> <span class='ocrx_word' id='word_1_60' title='bbox 496 1923 545 1977; x_wconf 91' lang='lat' dir='ltr'><strong>ubi</strong></span> <span class='ocrx_word' id='word_1_61' title='bbox 563 1940 578 1977; x_wconf 92' lang='lat' dir='ltr'><strong>e</strong></span> <span class='ocrx_word' id='word_1_62' title='bbox 598 1923 774 1978; x_wconf 84' lang='lat' dir='ltr'><strong>desideratur</strong></span> <span class='ocrx_word' id='word_1_63' title='bbox 791 1927 821 1979; x_wconf 88' lang='lat' dir='ltr'><strong>ei</strong></span> <span class='ocrx_word' id='word_1_64' title='bbox 838 1924 988 1993; x_wconf 81' lang='lat' dir='ltr'><strong>corrigitur</strong></span> <span class='ocrx_word' id='word_1_65' title='bbox 1005 1941 1074 1979; x_wconf 92' lang='lat' dir='ltr'><strong>non·</strong></span> 
     </span>
     <span class='ocr_line' id='line_1_11' title="bbox 109 1992 1075 2064; baseline 0.002 -17"><span class='ocrx_word' id='word_1_66' title='bbox 109 2010 265 2062; x_wconf 75' lang='lat' dir='ltr'><strong>numquam</strong></span> <span class='ocrx_word' id='word_1_67' title='bbox 288 1993 325 2047; x_wconf 90' lang='lat' dir='ltr'><strong>ab</strong></span> <span class='ocrx_word' id='word_1_68' title='bbox 348 1995 411 2049; x_wconf 79' lang='lat' dir='ltr'><strong>Ab:</strong></span> <span class='ocrx_word' id='word_1_69' title='bbox 431 1992 577 2064; x_wconf 83' lang='lat' dir='ltr'><strong>dispicere,</strong></span> <span class='ocrx_word' id='word_1_70' title='bbox 595 1993 760 2062; x_wconf 86' lang='lat' dir='ltr'><strong>perdidissit</strong></span> <span class='ocrx_word' id='word_1_71' title='bbox 778 1997 831 2050; x_wconf 81' lang='lat' dir='ltr'><strong>etc.</strong></span> <span class='ocrx_word' id='word_1_72' title='bbox 859 1993 1075 2050; x_wconf 79' lang='lat' dir='ltr'><strong>Confunduntur</strong></span> 
     </span>
     <span class='ocr_line' id='line_1_12' title="bbox 109 2064 1071 2134; baseline 0.003 -15"><span class='ocrx_word' id='word_1_73' title='bbox 109 2064 199 2119; x_wconf 77' lang='lat' dir='ltr'><strong>etiam</strong></span> <span class='ocrx_word' id='word_1_74' title='bbox 213 2082 231 2118; x_wconf 90' lang='lat' dir='ltr'><strong>u</strong></span> <span class='ocrx_word' id='word_1_75' title='bbox 246 2066 275 2119; x_wconf 88' lang='lat' dir='ltr'><strong>et</strong></span> <span class='ocrx_word' id='word_1_76' title='bbox 293 2082 323 2119; x_wconf 91' lang='lat' dir='ltr'><strong>o:</strong></span> <span class='ocrx_word' id='word_1_77' title='bbox 341 2065 478 2119; x_wconf 87' lang='lat' dir='ltr'><strong>formosos</strong></span> <span class='ocrx_word' id='word_1_78' title='bbox 493 2067 578 2133; x_wconf 85' lang='lat' dir='ltr'><strong>(nom.</strong></span> <span class='ocrx_word' id='word_1_79' title='bbox 588 2065 672 2133; x_wconf 83' lang='lat' dir='ltr'><strong>sing.)</strong></span> <span class='ocrx_word' id='word_1_80' title='bbox 687 2065 849 2119; x_wconf 81' lang='lat' dir='ltr'><strong>adolescens</strong></span> <span class='ocrx_word' id='word_1_81' title='bbox 860 2065 906 2134; x_wconf 87' lang='lat' dir='ltr'><strong>(cf.</strong></span> <span class='ocrx_word' id='word_1_82' title='bbox 916 2083 943 2134; x_wconf 89' lang='lat' dir='ltr'><strong>p.</strong></span> <span class='ocrx_word' id='word_1_83' title='bbox 952 2064 1003 2118; x_wconf 91' lang='lat' dir='ltr'><strong>VII</strong></span> <span class='ocrx_word' id='word_1_84' title='bbox 1010 2067 1071 2134; x_wconf 74' lang='lat' dir='ltr'><strong>aql,</strong></span> 
     </span>
     <span class='ocr_line' id='line_1_13' title="bbox 110 2133 1074 2204; baseline 0 -15"><span class='ocrx_word' id='word_1_85' title='bbox 110 2133 248 2203; x_wconf 78' lang='lat' dir='ltr'><strong>adfectos,</strong></span> <span class='ocrx_word' id='word_1_86' title='bbox 261 2134 377 2204; x_wconf 83' lang='lat' dir='ltr'><strong>fructos,</strong></span> <span class='ocrx_word' id='word_1_87' title='bbox 391 2135 485 2190; x_wconf 86' lang='lat' dir='ltr'><strong>voltus</strong></span> <span class='ocrx_word' id='word_1_88' title='bbox 499 2139 567 2200; x_wconf 82' lang='lat' dir='ltr'><strong>eic.;</strong></span> <span class='ocrx_word' id='word_1_89' title='bbox 586 2150 637 2203; x_wconf 93' lang='lat' dir='ltr'><strong>pro</strong></span> <span class='ocrx_word' id='word_1_90' title='bbox 656 2136 732 2189; x_wconf 83' lang='lat' dir='ltr'><strong>totos</strong></span> <span class='ocrx_word' id='word_1_91' title='bbox 745 2135 775 2188; x_wconf 93' lang='lat' dir='ltr'><strong>in</strong></span> <span class='ocrx_word' id='word_1_92' title='bbox 790 2137 837 2189; x_wconf 80' lang='lat' dir='ltr'><strong>Aa</strong></span> <span class='ocrx_word' id='word_1_93' title='bbox 850 2135 955 2204; x_wconf 82' lang='lat' dir='ltr'><strong>legitur</strong></span> <span class='ocrx_word' id='word_1_94' title='bbox 968 2134 1074 2190; x_wconf 86' lang='lat' dir='ltr'><strong>alicubi</strong></span> 
     </span>
     <span class='ocr_line' id='line_1_14' title="bbox 111 2203 1075 2276; baseline 0 -16"><span class='ocrx_word' id='word_1_95' title='bbox 111 2208 204 2276; x_wconf 89' lang='lat' dir='ltr'><strong>totus,</strong></span> <span class='ocrx_word' id='word_1_96' title='bbox 221 2207 251 2260; x_wconf 93' lang='lat' dir='ltr'><strong>in</strong></span> <span class='ocrx_word' id='word_1_97' title='bbox 274 2205 323 2259; x_wconf 80' lang='lat' dir='ltr'><strong>Ab</strong></span> <span class='ocrx_word' id='word_1_98' title='bbox 345 2209 431 2260; x_wconf 86' lang='lat' dir='ltr'><strong>tutos.</strong></span> <span class='ocrx_word' id='word_1_99' title='bbox 470 2205 544 2271; x_wconf 81' lang='lat' dir='ltr'><strong>Quas</strong></span> <span class='ocrx_word' id='word_1_100' title='bbox 563 2205 715 2274; x_wconf 82' lang='lat' dir='ltr'><strong>scripturas</strong></span> <span class='ocrx_word' id='word_1_101' title='bbox 734 2203 850 2274; x_wconf 78' lang='lat' dir='ltr'><strong>longum</strong></span> <span class='ocrx_word' id='word_1_102' title='bbox 868 2206 923 2260; x_wconf 84' lang='lat' dir='ltr'><strong>fuit</strong></span> <span class='ocrx_word' id='word_1_103' title='bbox 940 2205 969 2259; x_wconf 92' lang='lat' dir='ltr'><strong>in</strong></span> <span class='ocrx_word' id='word_1_104' title='bbox 988 2223 1075 2276; x_wconf 90' lang='lat' dir='ltr'><strong>appa·</strong></span> 
     </span>
     <span class='ocr_line' id='line_1_15' title="bbox 112 2276 1075 2347; baseline 0.001 -16"><span class='ocrx_word' id='word_1_105' title='bbox 112 2279 177 2331; x_wconf 82' lang='lat' dir='ltr'><strong>retu</strong></span> <span class='ocrx_word' id='word_1_106' title='bbox 207 2292 303 2332; x_wconf 91' lang='lat' dir='ltr'><strong>omnes</strong></span> <span class='ocrx_word' id='word_1_107' title='bbox 335 2279 441 2330; x_wconf 85' lang='lat' dir='ltr'><strong>notare.</strong></span> <span class='ocrx_word' id='word_1_108' title='bbox 486 2276 541 2330; x_wconf 92' lang='lat' dir='ltr'><strong>Illa</strong></span> <span class='ocrx_word' id='word_1_109' title='bbox 574 2293 685 2345; x_wconf 85' lang='lat' dir='ltr'><strong>quoquo</strong></span> <span class='ocrx_word' id='word_1_110' title='bbox 733 2276 878 2344; x_wconf 89' lang='lat' dir='ltr'><strong>lerumque</strong></span> <span class='ocrx_word' id='word_1_111' title='bbox 905 2277 1018 2347; x_wconf 83' lang='lat' dir='ltr'><strong>neglexi</strong></span> <span class='ocrx_word' id='word_1_112' title='bbox 1046 2281 1075 2332; x_wconf 87' lang='lat' dir='ltr'><strong>et</strong></span> 
     </span>
     <span class='ocr_line' id='line_1_16' title="bbox 114 2294 1074 2418; baseline 0.001 -17"><span class='ocrx_word' id='word_1_113' title='bbox 114 2347 206 2402; x_wconf 85' lang='lat' dir='ltr'><strong>obiter</strong></span> <span class='ocrx_word' id='word_1_114' title='bbox 222 2348 270 2402; x_wconf 89' lang='lat' dir='ltr'><strong>hic</strong></span> <span class='ocrx_word' id='word_1_115' title='bbox 287 2362 443 2402; x_wconf 84' lang='lat' dir='ltr'><strong>memorare</strong></span> <span class='ocrx_word' id='word_1_116' title='bbox 462 2346 531 2401; x_wconf 84' lang='lat' dir='ltr'><strong>satis</strong></span> <span class='ocrx_word' id='word_1_117' title='bbox 549 2347 653 2402; x_wconf 87' lang='lat' dir='ltr'><strong>habeo:</strong></span> <span class='ocrx_word' id='word_1_118' title='bbox 678 2347 697 2400; x_wconf 93' lang='lat' dir='ltr'>h</span> <span class='ocrx_word' id='word_1_119' title='bbox 711 2294 822 2402; x_wconf 72' lang='lat' dir='ltr'><strong>literam</strong></span> <span class='ocrx_word' id='word_1_120' title='bbox 835 2363 919 2418; x_wconf 80' lang='lat' dir='ltr'><strong>saepe</strong></span> <span class='ocrx_word' id='word_1_121' title='bbox 933 2349 1026 2403; x_wconf 85' lang='lat' dir='ltr'><strong>vocali</strong></span> <span class='ocrx_word' id='word_1_122' title='bbox 1043 2348 1074 2402; x_wconf 92' lang='lat' dir='ltr'><strong>iu</strong></span> 
     </span>
     <span class='ocr_line' id='line_1_17' title="bbox 111 2417 1073 2489; baseline 0.001 -16"><span class='ocrx_word' id='word_1_123' title='bbox 111 2417 195 2473; x_wconf 87' lang='lat' dir='ltr'><strong>initio</strong></span> <span class='ocrx_word' id='word_1_124' title='bbox 209 2418 342 2473; x_wconf 81' lang='lat' dir='ltr'><strong>vocabuli</strong></span> <span class='ocrx_word' id='word_1_125' title='bbox 354 2418 401 2472; x_wconf 87' lang='lat' dir='ltr'><strong>vel</strong></span> <span class='ocrx_word' id='word_1_126' title='bbox 418 2419 485 2472; x_wconf 80' lang='lat' dir='ltr'><strong>ente</strong></span> <span class='ocrx_word' id='word_1_127' title='bbox 504 2417 660 2488; x_wconf 84' lang='lat' dir='ltr'><strong>simplicem</strong></span> <span class='ocrx_word' id='word_1_128' title='bbox 673 2432 772 2472; x_wconf 81' lang='lat' dir='ltr'><strong>vocem</strong></span> <span class='ocrx_word' id='word_1_129' title='bbox 789 2417 820 2472; x_wconf 90' lang='lat' dir='ltr'><strong>iu</strong></span> <span class='ocrx_word' id='word_1_130' title='bbox 838 2419 993 2488; x_wconf 85' lang='lat' dir='ltr'><strong>composito</strong></span> <span class='ocrx_word' id='word_1_131' title='bbox 1010 2435 1073 2489; x_wconf 90' lang='lat' dir='ltr'><strong>pro·</strong></span> 
     </span>
     <span class='ocr_line' id='line_1_18' title="bbox 106 2489 1071 2559; baseline 0 -15"><span class='ocrx_word' id='word_1_132' title='bbox 106 2491 179 2559; x_wconf 86' lang='lat' dir='ltr'><strong>poni</strong></span> <span class='ocrx_word' id='word_1_133' title='bbox 193 2490 365 2558; x_wconf 75' lang='lat' dir='ltr'><strong>eandemque</strong></span> <span class='ocrx_word' id='word_1_134' title='bbox 378 2505 472 2544; x_wconf 87' lang='lat' dir='ltr'><strong>rursus</strong></span> <span class='ocrx_word' id='word_1_135' title='bbox 486 2490 593 2544; x_wconf 86' lang='lat' dir='ltr'><strong>eisdem</strong></span> <span class='ocrx_word' id='word_1_136' title='bbox 606 2489 683 2556; x_wconf 89' lang='lat' dir='ltr'><strong>locis,</strong></span> <span class='ocrx_word' id='word_1_137' title='bbox 698 2489 747 2543; x_wconf 89' lang='lat' dir='ltr'><strong>ubi</strong></span> <span class='ocrx_word' id='word_1_138' title='bbox 760 2506 818 2544; x_wconf 91' lang='lat' dir='ltr'><strong>non</strong></span> <span class='ocrx_word' id='word_1_139' title='bbox 831 2505 1005 2559; x_wconf 78' lang='lat' dir='ltr'><strong>supervacua</strong></span> <span class='ocrx_word' id='word_1_140' title='bbox 1019 2491 1071 2557; x_wconf 87' lang='lat' dir='ltr'><strong>est,</strong></span> 
     </span>
     <span class='ocr_line' id='line_1_19' title="bbox 109 2559 1068 2630; baseline -0.001 -15"><span class='ocrx_word' id='word_1_141' title='bbox 109 2559 214 2628; x_wconf 88' lang='lat' dir='ltr'><strong>omitti,</strong></span> <span class='ocrx_word' id='word_1_142' title='bbox 232 2560 322 2615; x_wconf 84' lang='lat' dir='ltr'><strong>veluti</strong></span> <span class='ocrx_word' id='word_1_143' title='bbox 335 2559 365 2615; x_wconf 92' lang='lat' dir='ltr'><strong>iu</strong></span> <span class='ocrx_word' id='word_1_144' title='bbox 378 2559 449 2615; x_wconf 85' lang='lat' dir='ltr'><strong>illis:</strong></span> <span class='ocrx_word' id='word_1_145' title='bbox 468 2560 710 2626; x_wconf 81' lang='lat' dir='ltr'><strong>habundaverunt,</strong></span> <span class='ocrx_word' id='word_1_146' title='bbox 729 2560 783 2614; x_wconf 87' lang='lat' dir='ltr'><strong>hac</strong></span> <span class='ocrx_word' id='word_1_147' title='bbox 796 2563 842 2630; x_wconf 74' lang='grc' dir='ltr'><strong>(ιι</strong></span> <span class='ocrx_word' id='word_1_148' title='bbox 852 2562 955 2629; x_wconf 85' lang='lat' dir='ltr'><strong>atquc),</strong></span> <span class='ocrx_word' id='word_1_149' title='bbox 970 2561 1068 2615; x_wconf 90' lang='lat' dir='ltr'><strong>heram</strong></span> 
     </span>
     <span class='ocr_line' id='line_1_20' title="bbox 114 2630 1073 2701; baseline 0.001 -17"><span class='ocrx_word' id='word_1_150' title='bbox 114 2630 236 2701; x_wconf 82' lang='lat' dir='ltr'><strong>(imperi.</strong></span> <span class='ocrx_word' id='word_1_151' title='bbox 255 2630 335 2685; x_wconf 84' lang='lat' dir='ltr'><strong>verbi</strong></span> <span class='ocrx_word' id='word_1_152' title='bbox 353 2633 433 2700; x_wconf 90' lang='lat' dir='ltr'><strong>csse),</strong></span> <span class='ocrx_word' id='word_1_153' title='bbox 450 2631 570 2700; x_wconf 87' lang='lat' dir='ltr'><strong>hoccidi,</strong></span> <span class='ocrx_word' id='word_1_154' title='bbox 589 2631 683 2697; x_wconf 88' lang='lat' dir='ltr'><strong>hodia,</strong></span> <span class='ocrx_word' id='word_1_155' title='bbox 702 2632 808 2685; x_wconf 89' lang='lat' dir='ltr'><strong>honera</strong></span> <span class='ocrx_word' id='word_1_156' title='bbox 826 2633 894 2697; x_wconf 86' lang='lat' dir='ltr'><strong>etc.;</strong></span> <span class='ocrx_word' id='word_1_157' title='bbox 913 2633 993 2699; x_wconf 88' lang='lat' dir='ltr'><strong>abeo,</strong></span> <span class='ocrx_word' id='word_1_158' title='bbox 1012 2631 1073 2686; x_wconf 84' lang='lat' dir='ltr'><strong>adi-</strong></span> 
     </span>
     <span class='ocr_line' id='line_1_21' title="bbox 111 2701 1073 2771; baseline -0.001 -15"><span class='ocrx_word' id='word_1_159' title='bbox 111 2701 190 2769; x_wconf 89' lang='lat' dir='ltr'><strong>buit,</strong></span> <span class='ocrx_word' id='word_1_160' title='bbox 209 2718 282 2771; x_wconf 88' lang='lat' dir='ltr'><strong>eres,</strong></span> <span class='ocrx_word' id='word_1_161' title='bbox 302 2702 436 2771; x_wconf 78' lang='lat' dir='ltr'><strong>exemtis,</strong></span> <span class='ocrx_word' id='word_1_162' title='bbox 455 2705 591 2771; x_wconf 83' lang='lat' dir='ltr'><strong>exortata,</strong></span> <span class='ocrx_word' id='word_1_163' title='bbox 610 2718 643 2756; x_wconf 95' lang='lat' dir='ltr'><strong>oc</strong></span> <span class='ocrx_word' id='word_1_164' title='bbox 662 2702 728 2767; x_wconf 84' lang='lat' dir='ltr'><strong>etc.;</strong></span> <span class='ocrx_word' id='word_1_165' title='bbox 753 2701 771 2755; x_wconf 90' lang='lat' dir='ltr'><strong>d</strong></span> <span class='ocrx_word' id='word_1_166' title='bbox 790 2703 819 2756; x_wconf 85' lang='lat' dir='ltr'><strong>et</strong></span> <span class='ocrx_word' id='word_1_167' title='bbox 837 2702 850 2755; x_wconf 88' lang='lat' dir='ltr'><strong>t</strong></span> <span class='ocrx_word' id='word_1_168' title='bbox 868 2717 952 2771; x_wconf 89' lang='lat' dir='ltr'><strong>saepe</strong></span> <span class='ocrx_word' id='word_1_169' title='bbox 970 2701 1000 2756; x_wconf 92' lang='lat' dir='ltr'><strong>iu</strong></span> <span class='ocrx_word' id='word_1_170' title='bbox 1018 2702 1073 2755; x_wconf 87' lang='lat' dir='ltr'><strong>fine</strong></span> 
     </span>
     <span class='ocr_line' id='line_1_22' title="bbox 107 2771 1073 2856; baseline 0.001 -29"><span class='ocrx_word' id='word_1_171' title='bbox 107 2772 244 2856; x_wconf 70' lang='lat' dir='ltr'><strong>yccalruli</strong></span> <span class='ocrx_word' id='word_1_172' title='bbox 256 2771 436 2856; x_wconf 79' lang='lat' dir='ltr'><strong>commutari:</strong></span> <span class='ocrx_word' id='word_1_173' title='bbox 455 2778 533 2844; x_wconf 84' lang='lat' dir='ltr'><strong>aput,</strong></span> <span class='ocrx_word' id='word_1_174' title='bbox 553 2777 592 2843; x_wconf 87' lang='lat' dir='ltr'><strong>at,</strong></span> <span class='ocrx_word' id='word_1_175' title='bbox 606 2773 679 2854; x_wconf 75' lang='lat' dir='ltr'><strong>illut,</strong></span> <span class='ocrx_word' id='word_1_176' title='bbox 693 2772 772 2854; x_wconf 79' lang='lat' dir='ltr'><strong>istut,</strong></span> <span class='ocrx_word' id='word_1_177' title='bbox 786 2774 878 2854; x_wconf 55' lang='lat' dir='ltr'><strong>quotp</strong></span> <span class='ocrx_word' id='word_1_178' title='bbox 887 2790 1008 2855; x_wconf 75' lang='lat' dir='ltr'><strong>rursum:</strong></span> <span class='ocrx_word' id='word_1_179' title='bbox 1028 2773 1073 2854; x_wconf 76' lang='lat' dir='ltr'><strong>ad,</strong></span> 
     </span>
     <span class='ocr_line' id='line_1_23' title="bbox 109 2842 1073 2984; baseline -0.002 -16"><span class='ocrx_word' id='word_1_180' title='bbox 109 2842 618 2983; x_wconf 56' lang='lat' dir='ltr'><strong>tsttslditu⁵12t321¹ztptls</strong></span> <span class='ocrx_word' id='word_1_181' title='bbox 636 2843 940 2983; x_wconf 49' lang='lat' dir='ltr'><strong>lacesssitus</strong></span> <span class='ocrx_word' id='word_1_182' title='bbox 954 2843 1073 2984; x_wconf 64' lang='lat' dir='ltr'><strong>,iilic</strong></span> 
     </span>
     <span class='ocr_line' id='line_1_24' title="bbox 110 2982 1072 3054; baseline 0 -15"><span class='ocrx_word' id='word_1_183' title='bbox 110 2983 194 3054; x_wconf 86' lang='lat' dir='ltr'><strong>poni:</strong></span> <span class='ocrx_word' id='word_1_184' title='bbox 217 2985 383 3054; x_wconf 85' lang='lat' dir='ltr'><strong>dampnum,</strong></span> <span class='ocrx_word' id='word_1_185' title='bbox 407 2985 569 3052; x_wconf 79' lang='lat' dir='ltr'><strong>dampnare.</strong></span> <span class='ocrx_word' id='word_1_186' title='bbox 588 3013 622 3024; x_wconf 93' lang='lat'><em>-</em></span> <span class='ocrx_word' id='word_1_187' title='bbox 642 2984 673 3038; x_wconf 89' lang='lat' dir='ltr'><strong>ln</strong></span> <span class='ocrx_word' id='word_1_188' title='bbox 695 2982 719 3037; x_wconf 93' lang='lat' dir='ltr'>B</span> <span class='ocrx_word' id='word_1_189' title='bbox 743 3001 854 3054; x_wconf 85' lang='lat' dir='ltr'><strong>quoque</strong></span> <span class='ocrx_word' id='word_1_190' title='bbox 877 2982 973 3039; x_wconf 89' lang='lat' dir='ltr'><strong>codice</strong></span> <span class='ocrx_word' id='word_1_191' title='bbox 998 3000 1072 3039; x_wconf 89' lang='lat' dir='ltr'><strong>com-</strong></span> 
     </span>
     <span class='ocr_line' id='line_1_25' title="bbox 110 3053 1075 3124; baseline -0.001 -16"><span class='ocrx_word' id='word_1_192' title='bbox 110 3055 195 3124; x_wconf 88' lang='lat' dir='ltr'><strong>plura</strong></span> <span class='ocrx_word' id='word_1_193' title='bbox 218 3054 322 3109; x_wconf 87' lang='lat' dir='ltr'><strong>similia</strong></span> <span class='ocrx_word' id='word_1_194' title='bbox 346 3056 424 3123; x_wconf 84' lang='lat' dir='ltr'><strong>suut,</strong></span> <span class='ocrx_word' id='word_1_195' title='bbox 446 3053 612 3123; x_wconf 81' lang='lat' dir='ltr'><strong>praesertim</strong></span> <span class='ocrx_word' id='word_1_196' title='bbox 636 3056 797 3123; x_wconf 89' lang='lat' dir='ltr'><strong>permutata</strong></span> <span class='ocrx_word' id='word_1_197' title='bbox 815 3056 845 3110; x_wconf 92' lang='lat' dir='ltr'><strong>iu</strong></span> <span class='ocrx_word' id='word_1_198' title='bbox 863 3055 1026 3124; x_wconf 84' lang='lat' dir='ltr'><strong>compositis</strong></span> <span class='ocrx_word' id='word_1_199' title='bbox 1045 3054 1075 3109; x_wconf 89' lang='lat' dir='ltr'><strong>di</strong></span> 
     </span>
     <span class='ocr_line' id='line_1_26' title="bbox 113 3123 1072 3205; baseline -0.002 -25"><span class='ocrx_word' id='word_1_200' title='bbox 113 3127 144 3180; x_wconf 89' lang='lat' dir='ltr'><strong>et</strong></span> <span class='ocrx_word' id='word_1_201' title='bbox 161 3126 196 3181; x_wconf 90' lang='lat' dir='ltr'><strong>de</strong></span> <span class='ocrx_word' id='word_1_202' title='bbox 215 3126 287 3180; x_wconf 84' lang='lat' dir='ltr'><strong>etin</strong></span> <span class='ocrx_word' id='word_1_203' title='bbox 300 3126 415 3181; x_wconf 86' lang='lat' dir='ltr'><strong>literah</strong></span> <span class='ocrx_word' id='word_1_204' title='bbox 430 3123 560 3195; x_wconf 87' lang='lat' dir='ltr'><strong>ponenda</strong></span> <span class='ocrx_word' id='word_1_205' title='bbox 573 3124 658 3205; x_wconf 84' lang='lat' dir='ltr'><strong>paulo</strong></span> <span class='ocrx_word' id='word_1_206' title='bbox 671 3126 765 3181; x_wconf 88' lang='lat' dir='ltr'><strong>minor</strong></span> <span class='ocrx_word' id='word_1_207' title='bbox 777 3125 977 3181; x_wconf 76' lang='lat' dir='ltr'><strong>inconstantia.</strong></span> <span class='ocrx_word' id='word_1_208' title='bbox 1004 3124 1072 3179; x_wconf 87' lang='lat' dir='ltr'><strong>Pro-</strong></span> 
     </span>
     <span class='ocr_line' id='line_1_27' title="bbox 114 3193 1074 3266; baseline -0.003 -13"><span class='ocrx_word' id='word_1_209' title='bbox 114 3195 177 3266; x_wconf 83' lang='lat' dir='ltr'><strong>pria</strong></span> <span class='ocrx_word' id='word_1_210' title='bbox 190 3197 295 3252; x_wconf 89' lang='lat' dir='ltr'><strong>ccdicis</strong></span> <span class='ocrx_word' id='word_1_211' title='bbox 307 3198 391 3252; x_wconf 84' lang='lat' dir='ltr'><strong>hacc:</strong></span> <span class='ocrx_word' id='word_1_212' title='bbox 411 3196 504 3266; x_wconf 84' lang='lat' dir='ltr'><strong>cybus,</strong></span> <span class='ocrx_word' id='word_1_213' title='bbox 521 3193 616 3262; x_wconf 78' lang='lat' dir='ltr'><strong>foelix,</strong></span> <span class='ocrx_word' id='word_1_214' title='bbox 629 3194 762 3264; x_wconf 85' lang='lat' dir='ltr'><strong>foemina,</strong></span> <span class='ocrx_word' id='word_1_215' title='bbox 781 3199 922 3265; x_wconf 89' lang='lat' dir='ltr'><strong>sequutus,</strong></span> <span class='ocrx_word' id='word_1_216' title='bbox 941 3197 1042 3264; x_wconf 88' lang='lat' dir='ltr'><strong>sequut</strong></span> <span class='ocrx_word' id='word_1_217' title='bbox 1063 3226 1074 3237; x_wconf 94' lang='lat'><em>-</em></span> 
     </span>
     <span class='ocr_line' id='line_1_28' title="bbox 111 3263 1073 3337; baseline -0.002 -16"><span class='ocrx_word' id='word_1_218' title='bbox 111 3284 171 3337; x_wconf 87' lang='lat' dir='ltr'><strong>rus,</strong></span> <span class='ocrx_word' id='word_1_219' title='bbox 194 3267 310 3336; x_wconf 82' lang='lat' dir='ltr'><strong>similia3</strong></span> <span class='ocrx_word' id='word_1_220' title='bbox 338 3283 421 3336; x_wconf 87' lang='lat' dir='ltr'><strong>saepe</strong></span> <span class='ocrx_word' id='word_1_221' title='bbox 445 3263 532 3320; x_wconf 89' lang='lat' dir='ltr'><strong>etiam</strong></span> <span class='ocrx_word' id='word_1_222' title='bbox 555 3263 653 3320; x_wconf 85' lang='lat' dir='ltr'><strong>scribit</strong></span> <span class='ocrx_word' id='word_1_223' title='bbox 670 3266 790 3336; x_wconf 82' lang='lat' dir='ltr'><strong>hylaris,</strong></span> <span class='ocrx_word' id='word_1_224' title='bbox 808 3266 947 3336; x_wconf 87' lang='lat' dir='ltr'><strong>locuplex.</strong></span> <span class='ocrx_word' id='word_1_225' title='bbox 984 3265 1028 3319; x_wconf 85' lang='lat' dir='ltr'><strong>Ab</strong></span> <span class='ocrx_word' id='word_1_226' title='bbox 1047 3265 1073 3319; x_wconf 79' lang='lat' dir='ltr'>A</span> 
     </span>
     <span class='ocr_line' id='line_1_29' title="bbox 111 3335 1072 3408; baseline -0.001 -16"><span class='ocrx_word' id='word_1_227' title='bbox 111 3338 201 3393; x_wconf 89' lang='lat' dir='ltr'><strong>etiam</strong></span> <span class='ocrx_word' id='word_1_228' title='bbox 219 3339 250 3394; x_wconf 90' lang='lat' dir='ltr'><strong>in</strong></span> <span class='ocrx_word' id='word_1_229' title='bbox 268 3355 303 3393; x_wconf 92' lang='lat' dir='ltr'><strong>eo</strong></span> <span class='ocrx_word' id='word_1_230' title='bbox 324 3337 424 3405; x_wconf 83' lang='lat' dir='ltr'><strong>differt,</strong></span> <span class='ocrx_word' id='word_1_231' title='bbox 443 3335 518 3404; x_wconf 88' lang='lat' dir='ltr'><strong>quod</strong></span> <span class='ocrx_word' id='word_1_232' title='bbox 537 3335 602 3390; x_wconf 86' lang='lat' dir='ltr'><strong>ante</strong></span> <span class='ocrx_word' id='word_1_233' title='bbox 621 3353 687 3405; x_wconf 88' lang='lat' dir='ltr'><strong>qm</strong></span> <span class='ocrx_word' id='word_1_234' title='bbox 706 3353 816 3408; x_wconf 86' lang='lat' dir='ltr'><strong>semper</strong></span> <span class='ocrx_word' id='word_1_235' title='bbox 829 3338 859 3392; x_wconf 91' lang='lat' dir='ltr'><strong>in</strong></span> <span class='ocrx_word' id='word_1_236' title='bbox 872 3355 898 3404; x_wconf 87' lang='lat' dir='ltr'><strong>n,</strong></span> <span class='ocrx_word' id='word_1_237' title='bbox 918 3336 1072 3406; x_wconf 89' lang='lat' dir='ltr'><strong>dplerum·</strong></span> 
     </span>
     <span class='ocr_line' id='line_1_30' title="bbox 112 3403 1073 3479; baseline -0.005 -14"><span class='ocrx_word' id='word_1_238' title='bbox 112 3410 208 3478; x_wconf 88' lang='lat' dir='ltr'><strong>quein</strong></span> <span class='ocrx_word' id='word_1_239' title='bbox 219 3411 399 3479; x_wconf 86' lang='lat' dir='ltr'><strong>opermutat:</strong></span> <span class='ocrx_word' id='word_1_240' title='bbox 414 3405 582 3475; x_wconf 88' lang='lat' dir='ltr'><strong>quicunque,</strong></span> <span class='ocrx_word' id='word_1_241' title='bbox 595 3410 738 3476; x_wconf 84' lang='lat' dir='ltr'><strong>tanquam,</strong></span> <span class='ocrx_word' id='word_1_242' title='bbox 752 3410 899 3476; x_wconf 85' lang='lat' dir='ltr'><strong>utrunque,</strong></span> <span class='ocrx_word' id='word_1_243' title='bbox 910 3403 985 3476; x_wconf 89' lang='lat' dir='ltr'><strong>quod</strong></span> <span class='ocrx_word' id='word_1_244' title='bbox 993 3423 1073 3461; x_wconf 91' lang='lat' dir='ltr'><strong>num-</strong></span> 
     </span>
     <span class='ocr_line' id='line_1_31' title="bbox 111 3475 858 3550; baseline -0.004 -15"><span class='ocrx_word' id='word_1_245' title='bbox 111 3495 197 3548; x_wconf 88' lang='lat' dir='ltr'><strong>quam</strong></span> <span class='ocrx_word' id='word_1_246' title='bbox 216 3480 249 3550; x_wconf 78' lang='lat' dir='ltr'><strong>A,</strong></span> <span class='ocrx_word' id='word_1_247' title='bbox 268 3478 409 3549; x_wconf 88' lang='lat' dir='ltr'><strong>quicquid,</strong></span> <span class='ocrx_word' id='word_1_248' title='bbox 430 3475 506 3543; x_wconf 89' lang='lat' dir='ltr'><strong>quod</strong></span> <span class='ocrx_word' id='word_1_249' title='bbox 524 3492 587 3531; x_wconf 90' lang='lat' dir='ltr'><strong>raro</strong></span> <span class='ocrx_word' id='word_1_250' title='bbox 606 3476 656 3532; x_wconf 90' lang='lat' dir='ltr'><strong>ille</strong></span> <span class='ocrx_word' id='word_1_251' title='bbox 673 3477 746 3534; x_wconf 85' lang='lat' dir='ltr'><strong>liber</strong></span> <span class='ocrx_word' id='word_1_252' title='bbox 763 3478 858 3533; x_wconf 84' lang='lat' dir='ltr'><strong>hebet.</strong></span> 
     </span>
    </p>
   </div>
   <div class='ocr_carea' id='block_1_6' title="bbox 0 0 1202 3862">
    <p class='ocr_par' dir='ltr' id='par_1_6' title="bbox 0 0 1202 3862">
     <span class='ocr_line' id='line_1_32' title="bbox 0 0 1202 3862; baseline 0 0"><span class='ocrx_word' id='word_1_253' title='bbox 0 0 1202 3862; x_wconf 95' lang='lat' dir='ltr'><strong> </strong></span> 
     </span>
    </p>
   </div>
  </div>
 </body>
</html>
