2392 3862
96 227 163 293 262
320 228 338 255 ·
462 224 692 293 QUINTILIANI
773 312 776 316 Δ

97 397 131 458 et
152 392 210 456 illo
233 394 396 474 tempore
403 390 587 456 eonstiterit
608 388 796 455 innocentia
818 392 851 453 et
836 388 903 453 tid
920 390 1064 472 tempus,

97 479 215 566 quod
205 502 241 543 ιιι
263 480 393 564 culpam
416 479 596 563 deducitcu,
625 500 692 544 non
715 477 872 544 solum
845 499 915 542 erne
939 476 1062 542 discor-

97 569 151 634 dia
162 568 288 633 fuerit·
259 571 422 653 t,verum
445 569 544 634 etiam
567 567 671 633 maior
694 571 791 652 atque
813 566 916 632 artior
939 565 1062 635 cariem

95 662 173 742 post
195 619 300 741 iliani,
326 658 365 723 de
393 678 457 741 qua
483 658 612 723 locutus
640 678 725 737 sum,
753 655 1066 810 Ριοιιίῒοιιιὶιιιιιῧ

61 747 240 813 ccreverit
387 800 390 805 .

163 835 352 901 Proximum
381 839 432 900 est
455 831 492 920 (u
492 838 507 899 t
529 831 660 920 opinor)
684 837 833 899 excutere
856 854 979 898 causas.
1027 837 1061 898 et

97 925 184 1009 quod
212 924 253 989 ad
280 945 332 989 me
360 923 489 1008 quidem
516 923 670 1007 pertinet,
691 921 811 987 'videor
839 921 880 986 de
901 921 955 1000 his
978 921 1062 986 satis

96 1013 234 1080 loeutus.
284 1034 362 1077 nam
394 1013 424 1079 si
454 1012 647 1078 inimicitiae
679 1032 717 1077 eo
745 1015 892 1094 tempore
918 1031 986 1075 non
1012 1010 1063 1076 fu-

97 1105 204 1185 erunt,
243 1122 307 1185 quo
342 1101 444 1167 frater
477 1123 569 1167 meus
604 1101 730 1184 accepit
763 1120 937 1178 venenum,
978 1098 1065 1164 mihi

45 1207 77 1255 10
97 1194 183 1256 certe
215 1190 278 1255 hoc
309 1189 450 1255 faciendi
479 1191 565 1255 ratio
590 1210 659 1255 non
685 1188 763 1254 fuit:
797 1188 867 1273 qui,
898 1189 928 1253 si
956 1208 1063 1252 essem

23 1344 30 1357 ,
96 1279 202 1344 malus
229 1279 345 1363 frater,
372 1279 422 1343 uti
449 1282 561 1344 tamen
586 1278 746 1344 bonitatis
775 1277 984 1342 simulatione
1008 1276 1061 1342 de·

95 1369 215 1433 behem
237 1366 404 1452 usquead
422 1368 636 1433 mutationem
654 1366 854 1433 testamenti.
887 1365 1063 1450 namquid

97 1456 262 1539 obstabat,
300 1477 363 1539 quo
396 1455 503 1520 minus
534 1477 601 1521 non
631 1456 791 1521 ultionem
823 1458 967 1538 tantum,
1005 1454 1063 1520 sed

96 1544 195 1609 etiam
219 1544 344 1608 lucrum
367 1543 602 1628 consequerer?
648 1542 684 1608 Si
707 1563 768 1628 ego
796 1565 863 1617 non
884 1543 987 1609 habui
1010 1564 1062 1609 ra-

45 1649 77 1698 ls
97 1633 222 1697 tionem
241 1631 477 1697 dandiveneni
499 1632 602 1716 fratri,
624 1632 740 1699 videbo
764 1655 805 1698 an
827 1631 881 1698 hic
898 1632 1061 1698 hahuerit.

97 1720 191 1786 heres
215 1724 279 1785 est:
301 1720 364 1786 hoc
387 1742 446 1804 per
465 1742 500 1786 se
516 1725 634 1807 potens
653 1727 713 1787 est.
748 1721 865 1806 omnia,
888 1742 1061 1806 quaecum·

97 1831 159 1895 que
189 1813 261 1876 toto
285 1810 364 1876 orbe
386 1814 547 1876 terrarum
570 1811 831 1893 committuntur,
858 1811 981 1876 scelera
1004 1809 1064 1876 cir·

97 1899 296 1984 cumspicite,
330 1899 466 1965 iudices:
489 1901 645 1985 pleraque
668 1920 707 1964 ex
730 1898 907 1983 cupiditate
925 1919 1063 1964 nascun-

96 1993 163 2055 tur:
191 1988 272 2054 haec
299 1989 442 2056 latrones
471 1988 566 2069 facit,
597 1989 678 2055 haec
700 1989 839 2072 piratas,
870 1987 951 2053 haec
973 1987 1064 2053 intra

45 2091 77 2141 20
97 2099 208 2143 muros
234 2079 335 2143 etiam
359 2082 456 2162 atque
479 2078 567 2144 intra
590 2078 704 2144 domos
727 2080 857 2143 nostras
882 2081 915 2142 et
937 2077 1063 2161 templa

98 2167 181 2233 sicas
209 2189 437 2251 percussorum
465 2168 566 2252 acuit,
598 2164 673 2231 inde
705 2169 785 2231 nata
816 2169 893 2231 sunt
921 2185 1047 2231 venena

96 2260 134 2321 ut
161 2255 243 2320 mihi
271 2256 419 2321 videatur
445 2278 554 2321 rerum
574 2258 698 2321 natura
728 2254 879 2321 omnihus
902 2254 937 2318 in
959 2253 1065 2320 homi·

96 2365 171 2408 nem
195 2343 323 2409 collatis
347 2343 442 2410 bonis
465 2366 566 2409 unum
589 2345 712 2410 molum
736 2343 938 2428 opposuisse.
978 2343 1061 2408 tolle

97 2431 283 2514 pecuniam:
321 2432 408 2497 bella
445 2433 631 2515 sustuleris,
663 2432 835 2498 sustuleris
876 2431 1064 2498 seditiones.

45 2534 79 2582 25
98 2519 183 2585 hanc
210 2538 289 2604 ergo
317 2541 449 2586 causam
472 2519 627 2586 habuisti.
666 2524 699 2587 et
727 2520 815 2586 aliud
838 2523 889 2586 est
911 2515 1089 2607 ι1ἱὶιῬθ-’

99 2608 204 2674 cunia.
235 2609 263 2672 si
287 2607 326 2673 de
350 2607 525 2692 cupiditate
548 2608 620 2674 sola
642 2608 840 2695 loquendum
862 2608 945 2675 mihi
968 2609 1065 2694 foret,

99 2697 251 2762 dicerem:
287 2696 504 2762 hereditatem
541 2698 734 2782 concupisti,
771 2698 869 2764 homo
902 2698 1065 2784 locuples:

97 2807 183 2851 nunc
214 2785 430 2852 hereditatem
464 2786 656 2871 concupisti,
687 2786 720 2851 id
753 2787 859 2853 solum
890 2786 1064 2854 habiturus

99 2874 186 2960 quod
210 2875 329 2940 scelere
353 2874 559 2960 adquisisses.
590 2874 668 2961 quid
687 2875 795 2941 enim?
819 2876 886 2942 iam
903 2880 938 2942 te
957 2876 1067 2942 metiri

45 2979 79 3028 oo
99 2964 215 3050 incipis
248 2968 281 3030 ct
307 2965 440 3051 longam
467 2965 582 3030 domus
610 2968 742 3032 nostrae
771 2965 964 3051 patientiam
998 2965 1064 3031 cal·

171 3162 187 3210 Β
205 3155 235 3211 in
254 3173 304 3212 om.
323 3160 365 3210 Βιι
377 3160 417 3229 113
435 3160 546 3242 verum]
565 3159 669 3216 iterum
682 3166 703 3213 Β
715 3162 725 3230 1
739 3158 843 3215 arctior
859 3163 880 3211 Β
894 3159 936 3228 14
954 3160 1064 3241 (1¹¹⁰‚ll

100 3233 116 3281 6
135 3228 256 3298 primum
274 3233 315 3281 Διι
337 3230 347 3299 11
371 3235 403 3284 13
418 3231 518 3313 'non]'
510 3248 539 3284 in
557 3235 579 3283 Β
601 3232 611 3302 1
633 3230 787 3286 eletionem
804 3234 861 3283 Β
831 3231 906 3300 -Β1
926 3234 960 3284 14
977 3227 1066 3285 otim

99 3314 149 3353 om.
168 3303 188 3351 Β
209 3300 219 3368 11
238 3300 324 3354 rem
347 3300 578 3371 cupiditatem
602 3307 626 3354 A
647 3302 657 3372 11
680 3301 742 3356 21·
733 3319 764 3356 ιιι
781 3303 810 3357 te
828 3304 870 3354 Aa
891 3303 902 3369 1
923 3304 1067 3356 §timum

99 3370 204 3424 metum
224 3375 255 3438 Δ,
275 3387 414 3426 summum
432 3375 540 3426 metum
556 3375 587 3440 Β
606 3373 749 3454 corr.1to;
766 3389 854 3427 unum
871 3367 990 3456 (huno)
1005 3386 1067 3427 rne-

58 3503 63 3515 ι
99 3442 170 3566 tuppi
184 3441 240 3563 Aep
262 3442 272 3510 11
296 3446 330 3495 24
351 3438 382 3484 Ν
403 3447 427 3494 Δ
448 3442 458 3510 1
480 3447 515 3496 25
538 3414 672 3512 petunias
694 3447 716 3496 Β
737 3414 748 3514 11
769 3449 803 3499 2⁹
822 3440 1003 3514 condupuffl
1019 3442 1068 3519 111

99 3527 128 3564 m
172 3528 197 3562 m
241 3530 256 3564 a
1069 3548 1075 3555 .
