<?xml version="1.0" encoding="UTF-8"?>
<!DOCTYPE html PUBLIC "-//W3C//DTD XHTML 1.0 Transitional//EN"
    "http://www.w3.org/TR/xhtml1/DTD/xhtml1-transitional.dtd">
<html xmlns="http://www.w3.org/1999/xhtml" xml:lang="en" lang="en">
 <head>
  <title>
</title>
<meta http-equiv="Content-Type" content="text/html;charset=utf-8" />
  <meta name='ocr-system' content='tesseract 3.04.00' />
  <meta name='ocr-capabilities' content='ocr_page ocr_carea ocr_par ocr_line ocrx_word'/>
</head>
<body>
  <div class='ocr_page' id='page_1' title='image "./mfabiiquintilia00rittgoog_0330.png"; bbox 0 0 2392 3862; ppageno 0'>
   <div class='ocr_carea' id='block_1_1' title="bbox 332 215 1082 283">
    <p class='ocr_par' dir='ltr' id='par_1_1' title="bbox 332 215 1082 283">
     <span class='ocr_line' id='line_1_1' title="bbox 332 215 1082 283; baseline 0.016 -11"><span class='ocrx_word' id='word_1_1' title='bbox 332 215 652 273; x_wconf 75' lang='lat' dir='ltr'>DECLAMATIONES.</span> <span class='ocrx_word' id='word_1_2' title='bbox 671 215 863 272; x_wconf 79' lang='lat' dir='ltr'>CCCXXVIII.</span> <span class='ocrx_word' id='word_1_3' title='bbox 1017 217 1082 283; x_wconf 88' lang='grc'><strong>291</strong></span> 
     </span>
    </p>
   </div>
   <div class='ocr_carea' id='block_1_2' title="bbox 116 378 1085 625">
    <p class='ocr_par' dir='ltr' id='par_1_2' title="bbox 116 378 1085 625">
     <span class='ocr_line' id='line_1_2' title="bbox 119 378 1085 466; baseline -0.001 -19"><span class='ocrx_word' id='word_1_4' title='bbox 119 404 171 466; x_wconf 88' lang='lat' dir='ltr'><strong>co,</strong></span> <span class='ocrx_word' id='word_1_5' title='bbox 203 402 299 465; x_wconf 86' lang='lat' dir='ltr'><strong>quem</strong></span> <span class='ocrx_word' id='word_1_6' title='bbox 332 383 482 446; x_wconf 87' lang='lat' dir='ltr'><strong>cruentas</strong></span> <span class='ocrx_word' id='word_1_7' title='bbox 515 400 630 444; x_wconf 86' lang='lat' dir='ltr'><strong>manus</strong></span> <span class='ocrx_word' id='word_1_8' title='bbox 662 378 782 445; x_wconf 85' lang='lat' dir='ltr'><strong>habere</strong></span> <span class='ocrx_word' id='word_1_9' title='bbox 816 379 968 445; x_wconf 81' lang='lat' dir='ltr'>sciebam.</span> <span class='ocrx_word' id='word_1_10' title='bbox 1021 380 1085 446; x_wconf 85' lang='lat' dir='ltr'><strong>crit</strong></span> 
     </span>
     <span class='ocr_line' id='line_1_3' title="bbox 119 466 1084 556; baseline -0.001 -20"><span class='ocrx_word' id='word_1_11' title='bbox 119 491 195 556; x_wconf 82' lang='lat' dir='ltr'><strong>ergo</strong></span> <span class='ocrx_word' id='word_1_12' title='bbox 226 470 306 536; x_wconf 83' lang='lat' dir='ltr'><strong>adeo</strong></span> <span class='ocrx_word' id='word_1_13' title='bbox 337 490 404 535; x_wconf 89' lang='lat' dir='ltr'><strong>non</strong></span> <span class='ocrx_word' id='word_1_14' title='bbox 433 467 600 534; x_wconf 87' lang='lat' dir='ltr'><strong>damnatio</strong></span> <span class='ocrx_word' id='word_1_15' title='bbox 627 466 694 533; x_wconf 85' lang='lat' dir='ltr'><strong>ista</strong></span> <span class='ocrx_word' id='word_1_16' title='bbox 720 466 781 531; x_wconf 91' lang='lat' dir='ltr'><strong>filii</strong></span> <span class='ocrx_word' id='word_1_17' title='bbox 806 468 884 553; x_wconf 88' lang='lat' dir='ltr'><strong>mei,</strong></span> <span class='ocrx_word' id='word_1_18' title='bbox 914 473 951 535; x_wconf 91' lang='lat' dir='ltr'><strong>ut</strong></span> <span class='ocrx_word' id='word_1_19' title='bbox 977 469 1084 555; x_wconf 77' lang='lat' dir='ltr'>possit</span> 
     </span>
     <span class='ocr_line' id='line_1_4' title="bbox 116 555 540 625; baseline -0.012 0"><span class='ocrx_word' id='word_1_20' title='bbox 116 559 219 625; x_wconf 86' lang='lat' dir='ltr'><strong>videri</strong></span> <span class='ocrx_word' id='word_1_21' title='bbox 242 558 342 625; x_wconf 84' lang='lat' dir='ltr'><strong>etiam</strong></span> <span class='ocrx_word' id='word_1_22' title='bbox 365 555 540 623; x_wconf 86' lang='lat' dir='ltr'><strong>absolutio.</strong></span> 
     </span>
    </p>
   </div>
   <div class='ocr_carea' id='block_1_3' title="bbox 118 643 1117 997">
    <p class='ocr_par' dir='ltr' id='par_1_3' title="bbox 118 643 1117 997">
     <span class='ocr_line' id='line_1_5' title="bbox 184 643 1082 732; baseline 0 -20"><span class='ocrx_word' id='word_1_23' title='bbox 184 648 274 714; x_wconf 83' lang='lat' dir='ltr'><strong>Haec</strong></span> <span class='ocrx_word' id='word_1_24' title='bbox 297 666 359 732; x_wconf 84' lang='lat' dir='ltr'><strong>ego</strong></span> <span class='ocrx_word' id='word_1_25' title='bbox 379 645 418 710; x_wconf 91' lang='lat' dir='ltr'><strong>de</strong></span> <span class='ocrx_word' id='word_1_26' title='bbox 437 666 535 711; x_wconf 84' lang='lat' dir='ltr'><strong>eausa</strong></span> <span class='ocrx_word' id='word_1_27' title='bbox 553 643 625 711; x_wconf 92' lang='lat' dir='ltr'><strong>dico</strong></span> <span class='ocrx_word' id='word_1_28' title='bbox 644 644 760 730; x_wconf 87' lang='lat' dir='ltr'><strong>ipsius:</strong></span> <span class='ocrx_word' id='word_1_29' title='bbox 783 645 981 729; x_wconf 87' lang='lat' dir='ltr'><strong>permittetis</strong></span> <span class='ocrx_word' id='word_1_30' title='bbox 1000 647 1082 712; x_wconf 83' lang='lat' dir='ltr'><strong>mlhl</strong></span> 
     </span>
     <span class='ocr_line' id='line_1_6' title="bbox 118 733 1117 820; baseline 0 -19"><span class='ocrx_word' id='word_1_31' title='bbox 118 737 153 801; x_wconf 91' lang='lat' dir='ltr'><strong>in</strong></span> <span class='ocrx_word' id='word_1_32' title='bbox 187 758 313 802; x_wconf 87' lang='lat' dir='ltr'><strong>summa</strong></span> <span class='ocrx_word' id='word_1_33' title='bbox 344 737 439 820; x_wconf 84' lang='lat' dir='ltr'><strong>parte</strong></span> <span class='ocrx_word' id='word_1_34' title='bbox 473 755 588 799; x_wconf 85' lang='lat' dir='ltr'><strong>causae</strong></span> <span class='ocrx_word' id='word_1_35' title='bbox 620 734 670 798; x_wconf 88' lang='lat' dir='ltr'><strong>uti</strong></span> <span class='ocrx_word' id='word_1_36' title='bbox 704 733 804 799; x_wconf 80' lang='lat' dir='ltr'><strong>etium</strong></span> <span class='ocrx_word' id='word_1_37' title='bbox 830 756 972 818; x_wconf 87' lang='lat' dir='ltr'><strong>persona</strong></span> <span class='ocrx_word' id='word_1_38' title='bbox 999 750 1117 801; x_wconf 76' lang='lat' dir='ltr'><strong>meaa</strong></span> 
     </span>
     <span class='ocr_line' id='line_1_7' title="bbox 118 822 1083 911; baseline -0.002 -21"><span class='ocrx_word' id='word_1_39' title='bbox 118 846 179 911; x_wconf 82' lang='lat' dir='ltr'><strong>ego</strong></span> <span class='ocrx_word' id='word_1_40' title='bbox 204 826 318 907; x_wconf 88' lang='lat' dir='ltr'><strong>istum,</strong></span> <span class='ocrx_word' id='word_1_41' title='bbox 343 823 371 888; x_wconf 88' lang='lat' dir='ltr'><strong>si</strong></span> <span class='ocrx_word' id='word_1_42' title='bbox 393 823 495 888; x_wconf 90' lang='lat' dir='ltr'><strong>filium</strong></span> <span class='ocrx_word' id='word_1_43' title='bbox 518 844 627 887; x_wconf 89' lang='lat' dir='ltr'><strong>meum</strong></span> <span class='ocrx_word' id='word_1_44' title='bbox 651 823 831 906; x_wconf 86' lang='lat' dir='ltr'><strong>occidisset,</strong></span> <span class='ocrx_word' id='word_1_45' title='bbox 855 822 1083 888; x_wconf 80' lang='lat' dir='ltr'><strong>defenderem?</strong></span> 
     </span>
     <span class='ocr_line' id='line_1_8' title="bbox 120 909 1083 997; baseline -0.001 -20"><span class='ocrx_word' id='word_1_46' title='bbox 120 914 250 997; x_wconf 89' lang='lat' dir='ltr'><strong>qualem</strong></span> <span class='ocrx_word' id='word_1_47' title='bbox 274 933 326 976; x_wconf 92' lang='lat' dir='ltr'><strong>me</strong></span> <span class='ocrx_word' id='word_1_48' title='bbox 348 914 476 996; x_wconf 86' lang='lat' dir='ltr'><strong>patrem</strong></span> <span class='ocrx_word' id='word_1_49' title='bbox 498 909 673 976; x_wconf 85' lang='lat' dir='ltr'><strong>iudicatis?</strong></span> <span class='ocrx_word' id='word_1_50' title='bbox 697 932 858 996; x_wconf 89' lang='lat' dir='ltr'><strong>asperum:</strong></span> <span class='ocrx_word' id='word_1_51' title='bbox 884 915 917 976; x_wconf 88' lang='lat' dir='ltr'><strong>ct</strong></span> <span class='ocrx_word' id='word_1_52' title='bbox 940 931 999 996; x_wconf 82' lang='lat' dir='ltr'><strong>ego</strong></span> <span class='ocrx_word' id='word_1_53' title='bbox 1022 932 1083 995; x_wconf 88' lang='lat' dir='ltr'><strong>pro</strong></span> 
     </span>
    </p>
   </div>
   <div class='ocr_carea' id='block_1_4' title="bbox 112 999 1137 2410">
    <p class='ocr_par' dir='ltr' id='par_1_4' title="bbox 112 999 1137 2410">
     <span class='ocr_line' id='line_1_9' title="bbox 120 999 1084 1085; baseline 0 -20"><span class='ocrx_word' id='word_1_54' title='bbox 120 1001 190 1066; x_wconf 91' lang='lat' dir='ltr'><strong>filio</strong></span> <span class='ocrx_word' id='word_1_55' title='bbox 210 1000 373 1065; x_wconf 81' lang='lat' dir='ltr'><strong>mentiar?</strong></span> <span class='ocrx_word' id='word_1_56' title='bbox 397 1001 517 1079; x_wconf 85' lang='lat' dir='ltr'><strong>mitem,</strong></span> <span class='ocrx_word' id='word_1_57' title='bbox 535 999 772 1085; x_wconf 80' lang='lat' dir='ltr'><strong>indulgentem:</strong></span> <span class='ocrx_word' id='word_1_58' title='bbox 797 1003 830 1064; x_wconf 89' lang='lat' dir='ltr'><strong>et</strong></span> <span class='ocrx_word' id='word_1_59' title='bbox 848 1019 910 1085; x_wconf 83' lang='lat' dir='ltr'><strong>ego</strong></span> <span class='ocrx_word' id='word_1_60' title='bbox 929 1020 996 1065; x_wconf 90' lang='lat' dir='ltr'><strong>non</strong></span> <span class='ocrx_word' id='word_1_61' title='bbox 1014 999 1084 1065; x_wconf 83' lang='lat' dir='ltr'><strong>vin·</strong></span> 
     </span>
     <span class='ocr_line' id='line_1_10' title="bbox 120 1088 1083 1174; baseline 0 -20"><span class='ocrx_word' id='word_1_62' title='bbox 120 1089 233 1155; x_wconf 81' lang='lat' dir='ltr'><strong>dicabo</strong></span> <span class='ocrx_word' id='word_1_63' title='bbox 262 1089 368 1174; x_wconf 87' lang='lat' dir='ltr'><strong>illum,</strong></span> <span class='ocrx_word' id='word_1_64' title='bbox 397 1089 452 1174; x_wconf 90' lang='lat' dir='ltr'><strong>qui</strong></span> <span class='ocrx_word' id='word_1_65' title='bbox 480 1088 605 1154; x_wconf 89' lang='lat' dir='ltr'><strong>occisus</strong></span> <span class='ocrx_word' id='word_1_66' title='bbox 634 1089 704 1153; x_wconf 81' lang='lat' dir='ltr'><strong>est?</strong></span> <span class='ocrx_word' id='word_1_67' title='bbox 750 1089 836 1154; x_wconf 86' lang='lat' dir='ltr'><strong>inter</strong></span> <span class='ocrx_word' id='word_1_68' title='bbox 857 1089 979 1153; x_wconf 88' lang='lat' dir='ltr'><strong>liberos</strong></span> <span class='ocrx_word' id='word_1_69' title='bbox 1002 1088 1083 1154; x_wconf 88' lang='lat' dir='ltr'><strong>haec</strong></span> 
     </span>
     <span class='ocr_line' id='line_1_11' title="bbox 118 1176 1137 1262; baseline 0 -20"><span class='ocrx_word' id='word_1_70' title='bbox 118 1201 185 1243; x_wconf 89' lang='lat' dir='ltr'><strong>una</strong></span> <span class='ocrx_word' id='word_1_71' title='bbox 208 1177 389 1243; x_wconf 85' lang='lat' dir='ltr'><strong>differentia</strong></span> <span class='ocrx_word' id='word_1_72' title='bbox 413 1180 463 1242; x_wconf 88' lang='lat' dir='ltr'><strong>est</strong></span> <span class='ocrx_word' id='word_1_73' title='bbox 486 1177 572 1261; x_wconf 86' lang='lat' dir='ltr'><strong>apud</strong></span> <span class='ocrx_word' id='word_1_74' title='bbox 595 1176 740 1241; x_wconf 84' lang='lat' dir='ltr'><strong>animum</strong></span> <span class='ocrx_word' id='word_1_75' title='bbox 757 1177 871 1262; x_wconf 86' lang='lat' dir='ltr'><strong>patris,</strong></span> <span class='ocrx_word' id='word_1_76' title='bbox 895 1177 980 1261; x_wconf 88' lang='lat' dir='ltr'><strong>quod</strong></span> <span class='ocrx_word' id='word_1_77' title='bbox 1000 1198 1082 1242; x_wconf 87' lang='lat' dir='ltr'><strong>scm·</strong></span> <span class='ocrx_word' id='word_1_78' title='bbox 1103 1192 1137 1242; x_wconf 89' lang='lat'><strong>10</strong></span> 
     </span>
     <span class='ocr_line' id='line_1_12' title="bbox 116 1265 1082 1352; baseline -0.001 -20"><span class='ocrx_word' id='word_1_79' title='bbox 116 1290 175 1352; x_wconf 88' lang='lat' dir='ltr'><strong>per</strong></span> <span class='ocrx_word' id='word_1_80' title='bbox 196 1268 351 1332; x_wconf 86' lang='lat' dir='ltr'><strong>maiorem</strong></span> <span class='ocrx_word' id='word_1_81' title='bbox 374 1267 482 1331; x_wconf 91' lang='lat' dir='ltr'><strong>locum</strong></span> <span class='ocrx_word' id='word_1_82' title='bbox 504 1265 606 1330; x_wconf 90' lang='lat' dir='ltr'><strong>habet</strong></span> <span class='ocrx_word' id='word_1_83' title='bbox 628 1265 665 1350; x_wconf 90' lang='lat' dir='ltr'><strong>is,</strong></span> <span class='ocrx_word' id='word_1_84' title='bbox 689 1267 779 1331; x_wconf 88' lang='lat' dir='ltr'><strong>cuius</strong></span> <span class='ocrx_word' id='word_1_85' title='bbox 802 1266 1001 1332; x_wconf 85' lang='lat' dir='ltr'><strong>miseremur.</strong></span> <span class='ocrx_word' id='word_1_86' title='bbox 1027 1287 1082 1331; x_wconf 90' lang='lat' dir='ltr'><strong>ne·</strong></span> 
     </span>
     <span class='ocr_line' id='line_1_13' title="bbox 117 1354 1083 1439; baseline 0 -19"><span class='ocrx_word' id='word_1_87' title='bbox 117 1377 179 1439; x_wconf 90' lang='lat' dir='ltr'><strong>que</strong></span> <span class='ocrx_word' id='word_1_88' title='bbox 202 1356 257 1422; x_wconf 90' lang='lat' dir='ltr'><strong>hic</strong></span> <span class='ocrx_word' id='word_1_89' title='bbox 280 1377 359 1421; x_wconf 84' lang='lat' dir='ltr'><strong>sane</strong></span> <span class='ocrx_word' id='word_1_90' title='bbox 382 1356 557 1437; x_wconf 85' lang='lat' dir='ltr'><strong>meruerat,</strong></span> <span class='ocrx_word' id='word_1_91' title='bbox 584 1357 622 1419; x_wconf 90' lang='lat' dir='ltr'><strong>ut</strong></span> <span class='ocrx_word' id='word_1_92' title='bbox 649 1375 742 1419; x_wconf 86' lang='lat' dir='ltr'><strong>ame</strong></span> <span class='ocrx_word' id='word_1_93' title='bbox 764 1354 829 1419; x_wconf 92' lang='lat' dir='ltr'><strong>nisi</strong></span> <span class='ocrx_word' id='word_1_94' title='bbox 851 1355 1004 1420; x_wconf 81' lang='lat' dir='ltr'><strong>innocens</strong></span> <span class='ocrx_word' id='word_1_95' title='bbox 1029 1354 1083 1420; x_wconf 88' lang='lat' dir='ltr'><strong>de-</strong></span> 
     </span>
     <span class='ocr_line' id='line_1_14' title="bbox 118 1440 1083 1528; baseline -0.001 -20"><span class='ocrx_word' id='word_1_96' title='bbox 118 1443 319 1510; x_wconf 84' lang='lat' dir='ltr'><strong>fenderetur:</strong></span> <span class='ocrx_word' id='word_1_97' title='bbox 342 1464 434 1507; x_wconf 89' lang='lat' dir='ltr'><strong>reum</strong></span> <span class='ocrx_word' id='word_1_98' title='bbox 453 1464 505 1508; x_wconf 87' lang='lat' dir='ltr'><strong>me</strong></span> <span class='ocrx_word' id='word_1_99' title='bbox 524 1440 650 1522; x_wconf 86' lang='lat' dir='ltr'><strong>detulit,</strong></span> <span class='ocrx_word' id='word_1_100' title='bbox 673 1443 785 1509; x_wconf 86' lang='lat' dir='ltr'><strong>sordes</strong></span> <span class='ocrx_word' id='word_1_101' title='bbox 803 1444 885 1509; x_wconf 90' lang='lat' dir='ltr'><strong>mihi</strong></span> <span class='ocrx_word' id='word_1_102' title='bbox 902 1443 1018 1528; x_wconf 83' lang='lat' dir='ltr'><strong>induit,</strong></span> <span class='ocrx_word' id='word_1_103' title='bbox 1041 1442 1083 1507; x_wconf 84' lang='lat' dir='ltr'><strong>cd</strong></span> 
     </span>
     <span class='ocr_line' id='line_1_15' title="bbox 118 1530 1082 1617; baseline 0.002 -21"><span class='ocrx_word' id='word_1_104' title='bbox 118 1531 258 1597; x_wconf 89' lang='lat' dir='ltr'><strong>iudicem</strong></span> <span class='ocrx_word' id='word_1_105' title='bbox 282 1531 418 1597; x_wconf 76' lang='lat' dir='ltr'><strong>vocarit.</strong></span> <span class='ocrx_word' id='word_1_106' title='bbox 455 1532 574 1596; x_wconf 76' lang='lat' dir='ltr'><strong>sentiet</strong></span> <span class='ocrx_word' id='word_1_107' title='bbox 596 1530 659 1596; x_wconf 92' lang='lat' dir='ltr'><strong>hoc</strong></span> <span class='ocrx_word' id='word_1_108' title='bbox 683 1532 779 1616; x_wconf 86' lang='lat' dir='ltr'><strong>quale</strong></span> <span class='ocrx_word' id='word_1_109' title='bbox 803 1533 860 1617; x_wconf 88' lang='lat' dir='ltr'><strong>sit,</strong></span> <span class='ocrx_word' id='word_1_110' title='bbox 884 1554 957 1597; x_wconf 87' lang='lat' dir='ltr'><strong>oum</strong></span> <span class='ocrx_word' id='word_1_111' title='bbox 979 1535 1082 1598; x_wconf 88' lang='lat' dir='ltr'><strong>testa-</strong></span> 
     </span>
     <span class='ocr_line' id='line_1_16' title="bbox 120 1619 1135 1707; baseline 0.001 -23"><span class='ocrx_word' id='word_1_112' title='bbox 120 1624 265 1685; x_wconf 86' lang='lat' dir='ltr'><strong>mentum</strong></span> <span class='ocrx_word' id='word_1_113' title='bbox 282 1620 434 1703; x_wconf 82' lang='lat' dir='ltr'><strong>scribam3</strong></span> <span class='ocrx_word' id='word_1_114' title='bbox 454 1619 581 1705; x_wconf 83' lang='lat' dir='ltr'><strong>sentiet,</strong></span> <span class='ocrx_word' id='word_1_115' title='bbox 600 1641 673 1685; x_wconf 89' lang='lat' dir='ltr'><strong>cum</strong></span> <span class='ocrx_word' id='word_1_116' title='bbox 692 1620 828 1686; x_wconf 85' lang='lat' dir='ltr'><strong>tristitia</strong></span> <span class='ocrx_word' id='word_1_117' title='bbox 841 1621 1082 1707; x_wconf 83' lang='lat' dir='ltr'><strong>indulgentiam</strong></span> <span class='ocrx_word' id='word_1_118' title='bbox 1101 1635 1135 1685; x_wconf 69' lang='lat'><strong>1¹5</strong></span> 
     </span>
     <span class='ocr_line' id='line_1_17' title="bbox 118 1708 1081 1795; baseline 0.002 -22"><span class='ocrx_word' id='word_1_119' title='bbox 118 1731 225 1773; x_wconf 87' lang='lat' dir='ltr'><strong>meam</strong></span> <span class='ocrx_word' id='word_1_120' title='bbox 252 1709 404 1793; x_wconf 87' lang='lat' dir='ltr'><strong>requiret.</strong></span> <span class='ocrx_word' id='word_1_121' title='bbox 446 1708 523 1793; x_wconf 91' lang='lat' dir='ltr'><strong>quid</strong></span> <span class='ocrx_word' id='word_1_122' title='bbox 546 1712 597 1773; x_wconf 88' lang='lat' dir='ltr'><strong>est</strong></span> <span class='ocrx_word' id='word_1_123' title='bbox 620 1709 721 1795; x_wconf 78' lang='lat' dir='ltr'><strong>ergo?</strong></span> <span class='ocrx_word' id='word_1_124' title='bbox 759 1712 892 1775; x_wconf 89' lang='lat' dir='ltr'><strong>mentiri</strong></span> <span class='ocrx_word' id='word_1_125' title='bbox 914 1732 954 1775; x_wconf 92' lang='lat' dir='ltr'><strong>ne</strong></span> <span class='ocrx_word' id='word_1_126' title='bbox 976 1710 1081 1775; x_wconf 84' lang='lat' dir='ltr'><strong>iratus</strong></span> 
     </span>
     <span class='ocr_line' id='line_1_18' title="bbox 118 1797 1082 1882; baseline 0 -20"><span class='ocrx_word' id='word_1_127' title='bbox 118 1798 246 1882; x_wconf 86' lang='lat' dir='ltr'><strong>quidem</strong></span> <span class='ocrx_word' id='word_1_128' title='bbox 269 1819 418 1882; x_wconf 89' lang='lat' dir='ltr'><strong>possum:</strong></span> <span class='ocrx_word' id='word_1_129' title='bbox 441 1799 491 1864; x_wconf 88' lang='lat' dir='ltr'><strong>est</strong></span> <span class='ocrx_word' id='word_1_130' title='bbox 514 1797 600 1862; x_wconf 91' lang='lat' dir='ltr'><strong>filius</strong></span> <span class='ocrx_word' id='word_1_131' title='bbox 624 1801 809 1882; x_wconf 83' lang='lat' dir='ltr'><strong>contumax,</strong></span> <span class='ocrx_word' id='word_1_132' title='bbox 832 1803 883 1863; x_wconf 81' lang='lat' dir='ltr'><strong>est</strong></span> <span class='ocrx_word' id='word_1_133' title='bbox 906 1799 1010 1881; x_wconf 89' lang='lat' dir='ltr'><strong>patris</strong></span> <span class='ocrx_word' id='word_1_134' title='bbox 1030 1798 1082 1862; x_wconf 90' lang='lat' dir='ltr'><strong>sui</strong></span> 
     </span>
     <span class='ocr_line' id='line_1_19' title="bbox 116 1885 1082 1971; baseline -0.002 -21"><span class='ocrx_word' id='word_1_135' title='bbox 116 1889 293 1970; x_wconf 89' lang='lat' dir='ltr'><strong>accusator,</strong></span> <span class='ocrx_word' id='word_1_136' title='bbox 317 1885 373 1952; x_wconf 88' lang='lat' dir='ltr'><strong>sed</strong></span> <span class='ocrx_word' id='word_1_137' title='bbox 390 1885 526 1950; x_wconf 85' lang='lat' dir='ltr'><strong>fratrem</strong></span> <span class='ocrx_word' id='word_1_138' title='bbox 543 1905 611 1949; x_wconf 93' lang='lat' dir='ltr'><strong>non</strong></span> <span class='ocrx_word' id='word_1_139' title='bbox 630 1885 756 1950; x_wconf 86' lang='lat' dir='ltr'><strong>oceidit.</strong></span> <span class='ocrx_word' id='word_1_140' title='bbox 778 1907 882 1971; x_wconf 88' lang='lat' dir='ltr'><strong>neque</strong></span> <span class='ocrx_word' id='word_1_141' title='bbox 902 1906 963 1971; x_wconf 85' lang='lat' dir='ltr'><strong>ego</strong></span> <span class='ocrx_word' id='word_1_142' title='bbox 982 1887 1082 1950; x_wconf 84' lang='lat' dir='ltr'><strong>istum</strong></span> 
     </span>
     <span class='ocr_line' id='line_1_20' title="bbox 115 1971 1082 2058; baseline -0.002 -20"><span class='ocrx_word' id='word_1_143' title='bbox 115 1974 150 2038; x_wconf 93' lang='lat' dir='ltr'><strong>in</strong></span> <span class='ocrx_word' id='word_1_144' title='bbox 169 1975 236 2039; x_wconf 90' lang='lat' dir='ltr'><strong>ulla</strong></span> <span class='ocrx_word' id='word_1_145' title='bbox 256 1975 320 2039; x_wconf 86' lang='lat' dir='ltr'><strong>alia</strong></span> <span class='ocrx_word' id='word_1_146' title='bbox 338 1977 433 2058; x_wconf 88' lang='lat' dir='ltr'><strong>parte</strong></span> <span class='ocrx_word' id='word_1_147' title='bbox 453 1971 688 2038; x_wconf 88' lang='lat' dir='ltr'><strong>absolvendum</strong></span> <span class='ocrx_word' id='word_1_148' title='bbox 706 1975 797 2057; x_wconf 87' lang='lat' dir='ltr'><strong>puto,</strong></span> <span class='ocrx_word' id='word_1_149' title='bbox 814 1995 875 2038; x_wconf 90' lang='lat' dir='ltr'><strong>nec</strong></span> <span class='ocrx_word' id='word_1_150' title='bbox 892 1972 989 2038; x_wconf 92' lang='lat' dir='ltr'><strong>hodie</strong></span> <span class='ocrx_word' id='word_1_151' title='bbox 1007 1972 1082 2037; x_wconf 84' lang='lat' dir='ltr'><strong>veni</strong></span> 
     </span>
     <span class='ocr_line' id='line_1_21' title="bbox 114 2060 1135 2146; baseline 0.001 -20"><span class='ocrx_word' id='word_1_152' title='bbox 114 2062 150 2126; x_wconf 93' lang='lat' dir='ltr'><strong>in</strong></span> <span class='ocrx_word' id='word_1_153' title='bbox 171 2060 235 2126; x_wconf 91' lang='lat' dir='ltr'><strong>hoc</strong></span> <span class='ocrx_word' id='word_1_154' title='bbox 257 2062 422 2145; x_wconf 85' lang='lat' dir='ltr'><strong>iudicium,</strong></span> <span class='ocrx_word' id='word_1_155' title='bbox 443 2064 612 2144; x_wconf 78' lang='lat' dir='ltr'><strong>tamquam</strong></span> <span class='ocrx_word' id='word_1_156' title='bbox 631 2060 817 2127; x_wconf 83' lang='lat' dir='ltr'><strong>advocatus.</strong></span> <span class='ocrx_word' id='word_1_157' title='bbox 845 2061 928 2126; x_wconf 91' lang='lat' dir='ltr'><strong>nihil</strong></span> <span class='ocrx_word' id='word_1_158' title='bbox 945 2061 1081 2146; x_wconf 84' lang='lat' dir='ltr'><strong>rogabo,</strong></span> <span class='ocrx_word' id='word_1_159' title='bbox 1100 2077 1135 2128; x_wconf 77' lang='lat'><strong>20</strong></span> 
     </span>
     <span class='ocr_line' id='line_1_22' title="bbox 113 2148 1082 2236; baseline -0.001 -22"><span class='ocrx_word' id='word_1_160' title='bbox 113 2148 198 2214; x_wconf 92' lang='lat' dir='ltr'><strong>nihil</strong></span> <span class='ocrx_word' id='word_1_161' title='bbox 218 2149 430 2233; x_wconf 85' lang='lat' dir='ltr'><strong>deprecabor:</strong></span> <span class='ocrx_word' id='word_1_162' title='bbox 453 2148 535 2213; x_wconf 88' lang='lat' dir='ltr'><strong>illud</strong></span> <span class='ocrx_word' id='word_1_163' title='bbox 554 2151 682 2213; x_wconf 84' lang='lat' dir='ltr'><strong>tantum</strong></span> <span class='ocrx_word' id='word_1_164' title='bbox 701 2171 793 2214; x_wconf 85' lang='lat' dir='ltr'><strong>meae</strong></span> <span class='ocrx_word' id='word_1_165' title='bbox 811 2149 945 2235; x_wconf 86' lang='lat' dir='ltr'><strong>pietatis</strong></span> <span class='ocrx_word' id='word_1_166' title='bbox 966 2149 1082 2236; x_wconf 82' lang='lat' dir='ltr'><strong>gratia,</strong></span> 
     </span>
     <span class='ocr_line' id='line_1_23' title="bbox 114 2236 1081 2325; baseline 0.001 -23"><span class='ocrx_word' id='word_1_167' title='bbox 114 2259 205 2304; x_wconf 86' lang='lat' dir='ltr'><strong>meae</strong></span> <span class='ocrx_word' id='word_1_168' title='bbox 226 2240 357 2303; x_wconf 85' lang='lat' dir='ltr'><strong>tantum</strong></span> <span class='ocrx_word' id='word_1_169' title='bbox 381 2236 598 2303; x_wconf 86' lang='lat' dir='ltr'><strong>conscientiae</strong></span> <span class='ocrx_word' id='word_1_170' title='bbox 623 2258 721 2303; x_wconf 87' lang='lat' dir='ltr'><strong>eausa</strong></span> <span class='ocrx_word' id='word_1_171' title='bbox 744 2237 879 2325; x_wconf 83' lang='lat' dir='ltr'><strong>facium,</strong></span> <span class='ocrx_word' id='word_1_172' title='bbox 905 2260 946 2304; x_wconf 88' lang='lat' dir='ltr'><strong>nc</strong></span> <span class='ocrx_word' id='word_1_173' title='bbox 969 2237 1081 2304; x_wconf 75' lang='lat' dir='ltr'><strong>uidear</strong></span> 
     </span>
     <span class='ocr_line' id='line_1_24' title="bbox 112 2325 558 2410; baseline 0 -18"><span class='ocrx_word' id='word_1_174' title='bbox 112 2328 213 2393; x_wconf 84' lang='lat' dir='ltr'><strong>istum</strong></span> <span class='ocrx_word' id='word_1_175' title='bbox 236 2325 368 2393; x_wconf 88' lang='lat' dir='ltr'><strong>silentio</strong></span> <span class='ocrx_word' id='word_1_176' title='bbox 390 2325 558 2410; x_wconf 87' lang='lat' dir='ltr'><strong>pressisse.</strong></span> 
     </span>
    </p>
   </div>
   <div class='ocr_carea' id='block_1_5' title="bbox 505 2535 680 2604">
    <p class='ocr_par' dir='ltr' id='par_1_5' title="bbox 505 2535 680 2604">
     <span class='ocr_line' id='line_1_25' title="bbox 505 2535 680 2604; baseline 0 -1"><span class='ocrx_word' id='word_1_177' title='bbox 505 2535 680 2604; x_wconf 81' lang='lat' dir='ltr'><strong>SERMO.</strong></span> 
     </span>
    </p>
   </div>
   <div class='ocr_carea' id='block_1_6' title="bbox 111 2678 1132 2858">
    <p class='ocr_par' dir='ltr' id='par_1_6' title="bbox 111 2678 1132 2858">
     <span class='ocr_line' id='line_1_26' title="bbox 180 2678 1132 2766; baseline 0.005 -22"><span class='ocrx_word' id='word_1_178' title='bbox 180 2678 230 2744; x_wconf 90' lang='lat' dir='ltr'><strong>Ne</strong></span> <span class='ocrx_word' id='word_1_179' title='bbox 250 2701 346 2764; x_wconf 87' lang='lat' dir='ltr'><strong>quem</strong></span> <span class='ocrx_word' id='word_1_180' title='bbox 365 2683 510 2746; x_wconf 82' lang='lat' dir='ltr'><strong>vestrum</strong></span> <span class='ocrx_word' id='word_1_181' title='bbox 529 2678 626 2745; x_wconf 86' lang='lat' dir='ltr'><strong>ducat</strong></span> <span class='ocrx_word' id='word_1_182' title='bbox 644 2679 704 2744; x_wconf 88' lang='lat' dir='ltr'><strong>illa</strong></span> <span class='ocrx_word' id='word_1_183' title='bbox 723 2679 856 2766; x_wconf 88' lang='lat' dir='ltr'><strong>specics,</strong></span> <span class='ocrx_word' id='word_1_184' title='bbox 874 2683 912 2746; x_wconf 91' lang='lat' dir='ltr'><strong>ut</strong></span> <span class='ocrx_word' id='word_1_185' title='bbox 929 2680 1080 2748; x_wconf 81' lang='lat' dir='ltr'><strong>videatur</strong></span> <span class='ocrx_word' id='word_1_186' title='bbox 1097 2699 1132 2749; x_wconf 81' lang='lat'><strong>25</strong></span> 
     </span>
     <span class='ocr_line' id='line_1_27' title="bbox 111 2768 1079 2858; baseline 0.005 -26"><span class='ocrx_word' id='word_1_187' title='bbox 111 2768 166 2833; x_wconf 92' lang='lat' dir='ltr'><strong>hio</strong></span> <span class='ocrx_word' id='word_1_188' title='bbox 196 2790 265 2834; x_wconf 87' lang='lat' dir='ltr'><strong>esse</strong></span> <span class='ocrx_word' id='word_1_189' title='bbox 295 2769 418 2853; x_wconf 85' lang='lat' dir='ltr'><strong>aliquid</strong></span> <span class='ocrx_word' id='word_1_190' title='bbox 446 2769 605 2834; x_wconf 89' lang='lat' dir='ltr'><strong>momenti</strong></span> <span class='ocrx_word' id='word_1_191' title='bbox 633 2768 805 2834; x_wconf 84' lang='lat' dir='ltr'><strong>habiturus</strong></span> <span class='ocrx_word' id='word_1_192' title='bbox 834 2769 919 2854; x_wconf 84' lang='lat' dir='ltr'><strong>apud</strong></span> <span class='ocrx_word' id='word_1_193' title='bbox 947 2771 1079 2858; x_wconf 89' lang='lat' dir='ltr'><strong>iudices,</strong></span> 
     </span>
    </p>
   </div>
   <div class='ocr_carea' id='block_1_7' title="bbox 113 2960 1079 3088">
    <p class='ocr_par' dir='ltr' id='par_1_7' title="bbox 113 2960 1079 3088">
     <span class='ocr_line' id='line_1_28' title="bbox 114 2960 1079 3088; baseline 0.003 -73"><span class='ocrx_word' id='word_1_194' title='bbox 114 2960 191 3030; x_wconf 87' lang='lat' dir='ltr'><strong>quod</strong></span> <span class='ocrx_word' id='word_1_195' title='bbox 197 2961 382 3088; x_wconf 45' lang='lat' dir='ltr'><strong>&amp;respondere</strong></span> <span class='ocrx_word' id='word_1_196' title='bbox 410 2963 470 3018; x_wconf 86' lang='lat' dir='ltr'><strong>tam</strong></span> <span class='ocrx_word' id='word_1_197' title='bbox 492 2962 597 3019; x_wconf 79' lang='lat' dir='ltr'><strong>furioso</strong></span> <span class='ocrx_word' id='word_1_198' title='bbox 620 2960 752 3016; x_wconf 86' lang='lat' dir='ltr'><strong>nolebam</strong></span> <span class='ocrx_word' id='word_1_199' title='bbox 775 2960 812 3032; x_wconf 75' lang='lat'><strong>(2)</strong></span> <span class='ocrx_word' id='word_1_200' title='bbox 839 2979 926 3032; x_wconf 87' lang='lat' dir='ltr'><strong>quam</strong></span> <span class='ocrx_word' id='word_1_201' title='bbox 955 2963 980 3017; x_wconf 89' lang='lat' dir='ltr'><strong>si</strong></span> <span class='ocrx_word' id='word_1_202' title='bbox 1002 2963 1079 3019; x_wconf 85' lang='lat' dir='ltr'><strong>vive-</strong></span> 
     </span>
     <span class='ocr_line' id='line_1_29' title="bbox 113 3048 244 3087; baseline -0.008 -1"><span class='ocrx_word' id='word_1_203' title='bbox 113 3048 173 3087; x_wconf 90' lang='lat' dir='ltr'><strong>rem</strong></span> <span class='ocrx_word' id='word_1_204' title='bbox 223 3048 244 3087; x_wconf 89' lang='lat' dir='ltr'><strong>c.</strong></span> 
     </span>
    </p>
   </div>
   <div class='ocr_carea' id='block_1_8' title="bbox 109 3137 1139 3564">
    <p class='ocr_par' dir='ltr' id='par_1_8' title="bbox 109 3137 1139 3564">
     <span class='ocr_line' id='line_1_30' title="bbox 184 3137 1078 3209; baseline -0.003 -17"><span class='ocrx_word' id='word_1_205' title='bbox 184 3144 199 3192; x_wconf 81' lang='lat'><strong>2</strong></span> <span class='ocrx_word' id='word_1_206' title='bbox 228 3138 298 3194; x_wconf 88' lang='lat' dir='ltr'><strong>adeo</strong></span> <span class='ocrx_word' id='word_1_207' title='bbox 320 3154 377 3194; x_wconf 89' lang='lat' dir='ltr'><strong>non</strong></span> <span class='ocrx_word' id='word_1_208' title='bbox 399 3155 457 3195; x_wconf 88' lang='lat' dir='ltr'><strong>non</strong></span> <span class='ocrx_word' id='word_1_209' title='bbox 481 3137 624 3194; x_wconf 84' lang='lat' dir='ltr'><strong>damnatio</strong></span> <span class='ocrx_word' id='word_1_210' title='bbox 651 3142 738 3191; x_wconf 84' lang='lat' dir='ltr'><strong>B—P</strong></span> <span class='ocrx_word' id='word_1_211' title='bbox 760 3140 770 3209; x_wconf 90' lang='lat' dir='ltr'>I</span> <span class='ocrx_word' id='word_1_212' title='bbox 795 3143 812 3192; x_wconf 83' lang='lat'>4</span> <span class='ocrx_word' id='word_1_213' title='bbox 834 3137 923 3208; x_wconf 86' lang='lat' dir='ltr'><strong>ipsius</strong></span> <span class='ocrx_word' id='word_1_214' title='bbox 946 3137 1009 3194; x_wconf 89' lang='lat' dir='ltr'><strong>dico</strong></span> <span class='ocrx_word' id='word_1_215' title='bbox 1029 3142 1050 3189; x_wconf 99' lang='grc' dir='ltr'><strong><em>Β</em></strong></span> <span class='ocrx_word' id='word_1_216' title='bbox 1070 3139 1078 3209; x_wconf 72' lang='grc' dir='ltr'>Η</span> 
     </span>
     <span class='ocr_line' id='line_1_31' title="bbox 110 3207 1078 3280; baseline 0 -16"><span class='ocrx_word' id='word_1_217' title='bbox 110 3207 283 3280; x_wconf 87' lang='lat' dir='ltr'><strong>promittetis</strong></span> <span class='ocrx_word' id='word_1_218' title='bbox 301 3212 321 3262; x_wconf 90' lang='grc' dir='ltr'><strong><em>Β</em></strong></span> <span class='ocrx_word' id='word_1_219' title='bbox 340 3210 350 3279; x_wconf 76' lang='grc' dir='ltr'><strong>ΙΙ</strong></span> <span class='ocrx_word' id='word_1_220' title='bbox 371 3214 387 3263; x_wconf 84' lang='grc'>5</span> <span class='ocrx_word' id='word_1_221' title='bbox 406 3211 439 3264; x_wconf 89' lang='lat' dir='ltr'><strong>ut</strong></span> <span class='ocrx_word' id='word_1_222' title='bbox 455 3211 499 3279; x_wconf 90' lang='grc' dir='ltr'><strong>ΒΙΙ</strong></span> <span class='ocrx_word' id='word_1_223' title='bbox 518 3215 534 3264; x_wconf 87' lang='grc'>8</span> <span class='ocrx_word' id='word_1_224' title='bbox 552 3207 655 3264; x_wconf 80' lang='lat' dir='ltr'><strong>metiar</strong></span> <span class='ocrx_word' id='word_1_225' title='bbox 672 3214 696 3262; x_wconf 85' lang='grc' dir='ltr'><strong>Δ</strong></span> <span class='ocrx_word' id='word_1_226' title='bbox 713 3211 723 3279; x_wconf 89' lang='lat' dir='ltr'><strong>l</strong></span> <span class='ocrx_word' id='word_1_227' title='bbox 741 3208 872 3265; x_wconf 82' lang='lat' dir='ltr'><strong>indicabo</strong></span> <span class='ocrx_word' id='word_1_228' title='bbox 891 3213 926 3276; x_wconf 88' lang='grc' dir='ltr'><strong>Β,</strong></span> <span class='ocrx_word' id='word_1_229' title='bbox 945 3207 1078 3264; x_wconf 85' lang='lat' dir='ltr'><strong>iudicabo</strong></span> 
     </span>
     <span class='ocr_line' id='line_1_32' title="bbox 110 3278 1139 3350; baseline 0.001 -17"><span class='ocrx_word' id='word_1_230' title='bbox 110 3287 130 3333; x_wconf 78' lang='grc' dir='ltr'><strong><em>Β</em></strong></span> <span class='ocrx_word' id='word_1_231' title='bbox 153 3282 162 3350; x_wconf 87' lang='lat' dir='ltr'>I</span> <span class='ocrx_word' id='word_1_232' title='bbox 186 3286 220 3335; x_wconf 91' lang='lat'><strong>10</strong></span> <span class='ocrx_word' id='word_1_233' title='bbox 239 3297 295 3336; x_wconf 89' lang='lat' dir='ltr'><strong>una</strong></span> <span class='ocrx_word' id='word_1_234' title='bbox 313 3279 486 3337; x_wconf 71' lang='lat' dir='ltr'><strong>citroversia</strong></span> <span class='ocrx_word' id='word_1_235' title='bbox 504 3281 584 3337; x_wconf 79' lang='lat' dir='ltr'><strong>estl’</strong></span> <span class='ocrx_word' id='word_1_236' title='bbox 605 3281 616 3349; x_wconf 89' lang='lat' dir='ltr'><strong>l</strong></span> <span class='ocrx_word' id='word_1_237' title='bbox 639 3286 672 3336; x_wconf 84' lang='lat'><strong>13</strong></span> <span class='ocrx_word' id='word_1_238' title='bbox 696 3279 842 3336; x_wconf 87' lang='lat' dir='ltr'><strong>detulit</strong></span> <span class='ocrx_word' id='word_1_239' title='bbox 864 3283 888 3331; x_wconf 85' lang='grc' dir='ltr'><strong>Δ</strong></span> <span class='ocrx_word' id='word_1_240' title='bbox 901 3281 910 3349; x_wconf 87' lang='grc' dir='ltr'><strong>ΙΙ</strong></span> <span class='ocrx_word' id='word_1_241' title='bbox 931 3284 964 3333; x_wconf 84' lang='grc'><strong>15</strong></span> <span class='ocrx_word' id='word_1_242' title='bbox 990 3278 1079 3334; x_wconf 87' lang='lat' dir='ltr'><strong>tristi·</strong></span> <span class='ocrx_word' id='word_1_243' title='bbox 1136 3294 1139 3299; x_wconf 84' lang='lat'>·</span> 
     </span>
     <span class='ocr_line' id='line_1_33' title="bbox 109 3349 1078 3422; baseline 0 -16"><span class='ocrx_word' id='word_1_244' title='bbox 109 3351 181 3407; x_wconf 83' lang='lat' dir='ltr'><strong>tiam</strong></span> <span class='ocrx_word' id='word_1_245' title='bbox 198 3349 434 3422; x_wconf 71' lang='lat' dir='ltr'><strong>Blindulgentia</strong></span> <span class='ocrx_word' id='word_1_246' title='bbox 452 3352 494 3420; x_wconf 82' lang='grc' dir='ltr'><strong>ΒΙΙ</strong></span> <span class='ocrx_word' id='word_1_247' title='bbox 515 3356 547 3407; x_wconf 82' lang='grc'><strong>16</strong></span> <span class='ocrx_word' id='word_1_248' title='bbox 568 3350 636 3419; x_wconf 86' lang='lat' dir='ltr'><strong>quid</strong></span> <span class='ocrx_word' id='word_1_249' title='bbox 655 3367 722 3421; x_wconf 84' lang='lat' dir='ltr'><strong>ergo</strong></span> <span class='ocrx_word' id='word_1_250' title='bbox 741 3356 782 3404; x_wconf 78' lang='lat' dir='ltr'><strong>Aa</strong></span> <span class='ocrx_word' id='word_1_251' title='bbox 800 3354 810 3420; x_wconf 74' lang='lat' dir='ltr'><strong>{l</strong></span> <span class='ocrx_word' id='word_1_252' title='bbox 830 3350 948 3404; x_wconf 88' lang='lat' dir='ltr'><strong>mentire</strong></span> <span class='ocrx_word' id='word_1_253' title='bbox 967 3355 991 3403; x_wconf 85' lang='grc' dir='ltr'><strong>Δ</strong></span> <span class='ocrx_word' id='word_1_254' title='bbox 1010 3352 1021 3420; x_wconf 89' lang='grc' dir='ltr'><strong>ΙΙ</strong></span> <span class='ocrx_word' id='word_1_255' title='bbox 1044 3355 1078 3406; x_wconf 88' lang='grc'><strong>18</strong></span> 
     </span>
     <span class='ocr_line' id='line_1_34' title="bbox 111 3421 1077 3493; baseline 0.001 -16"><span class='ocrx_word' id='word_1_256' title='bbox 111 3438 165 3492; x_wconf 82' lang='lat' dir='ltr'><strong>ego</strong></span> <span class='ocrx_word' id='word_1_257' title='bbox 183 3439 233 3479; x_wconf 82' lang='lat' dir='ltr'><strong>om.</strong></span> <span class='ocrx_word' id='word_1_258' title='bbox 251 3427 275 3475; x_wconf 84' lang='grc' dir='ltr'><strong>Δ</strong></span> <span class='ocrx_word' id='word_1_259' title='bbox 294 3423 305 3493; x_wconf 69' lang='grc' dir='ltr'><strong>ΙΙ</strong></span> <span class='ocrx_word' id='word_1_260' title='bbox 325 3423 431 3479; x_wconf 84' lang='lat' dir='ltr'><strong>iustum</strong></span> <span class='ocrx_word' id='word_1_261' title='bbox 453 3425 499 3492; x_wconf 76' lang='grc' dir='ltr'><strong>ΔΗ</strong></span> <span class='ocrx_word' id='word_1_262' title='bbox 514 3427 547 3476; x_wconf 89' lang='lat'><strong>18</strong></span> <span class='ocrx_word' id='word_1_263' title='bbox 570 3421 649 3478; x_wconf 87' lang='lat' dir='ltr'><strong>nulla</strong></span> <span class='ocrx_word' id='word_1_264' title='bbox 670 3427 691 3474; x_wconf 90' lang='grc' dir='ltr'><strong><em>Β</em></strong></span> <span class='ocrx_word' id='word_1_265' title='bbox 714 3425 724 3492; x_wconf 76' lang='grc' dir='ltr'><strong>ΙΙ</strong></span> <span class='ocrx_word' id='word_1_266' title='bbox 747 3426 780 3477; x_wconf 78' lang='lat'><strong>21</strong></span> <span class='ocrx_word' id='word_1_267' title='bbox 804 3421 941 3491; x_wconf 85' lang='lat' dir='ltr'><strong>precabor</strong></span> <span class='ocrx_word' id='word_1_268' title='bbox 964 3426 987 3474; x_wconf 76' lang='lat' dir='ltr'>A</span> <span class='ocrx_word' id='word_1_269' title='bbox 1009 3423 1019 3492; x_wconf 77' lang='grc' dir='ltr'><strong>ΙΙ</strong></span> <span class='ocrx_word' id='word_1_270' title='bbox 1042 3427 1077 3478; x_wconf 79' lang='lat'><strong>22</strong></span> 
     </span>
     <span class='ocr_line' id='line_1_35' title="bbox 110 3492 853 3564; baseline -0.004 -17"><span class='ocrx_word' id='word_1_271' title='bbox 110 3492 323 3551; x_wconf 70' lang='lat' dir='ltr'><strong>conscientiae</strong></span> <span class='ocrx_word' id='word_1_272' title='bbox 345 3495 355 3564; x_wconf 86' lang='grc' dir='ltr'><strong>ΙΙ</strong></span> <span class='ocrx_word' id='word_1_273' title='bbox 378 3499 413 3549; x_wconf 79' lang='lat'><strong>23</strong></span> <span class='ocrx_word' id='word_1_274' title='bbox 432 3494 548 3563; x_wconf 82' lang='lat' dir='ltr'><strong>periisse</strong></span> <span class='ocrx_word' id='word_1_275' title='bbox 566 3497 587 3544; x_wconf 97' lang='grc' dir='ltr'><strong><em>Β</em></strong></span> <span class='ocrx_word' id='word_1_276' title='bbox 606 3495 616 3564; x_wconf 74' lang='grc' dir='ltr'><strong>ΙΙ</strong></span> <span class='ocrx_word' id='word_1_277' title='bbox 633 3499 668 3549; x_wconf 79' lang='lat'><strong>25</strong></span> <span class='ocrx_word' id='word_1_278' title='bbox 686 3493 814 3548; x_wconf 86' lang='lat' dir='ltr'><strong>nostrum</strong></span> <span class='ocrx_word' id='word_1_279' title='bbox 832 3497 853 3544; x_wconf 91' lang='grc' dir='ltr'><strong><em>Β</em></strong></span> 
     </span>
    </p>
   </div>
   <div class='ocr_carea' id='block_1_9' title="bbox 861 3582 918 3638">
    <p class='ocr_par' dir='ltr' id='par_1_9' title="bbox 861 3582 918 3638">
     <span class='ocr_line' id='line_1_36' title="bbox 861 3582 918 3638; baseline 0.018 -1"><span class='ocrx_word' id='word_1_280' title='bbox 861 3582 918 3638; x_wconf 61' lang='lat' dir='ltr'><strong>XC*</strong></span> 
     </span>
    </p>
   </div>
   <div class='ocr_carea' id='block_1_10' title="bbox 0 0 1200 3862">
    <p class='ocr_par' dir='ltr' id='par_1_10' title="bbox 0 0 1200 3862">
     <span class='ocr_line' id='line_1_37' title="bbox 0 0 1200 3862; baseline 0 2"><span class='ocrx_word' id='word_1_281' title='bbox 0 0 1200 3862; x_wconf 95' lang='lat' dir='ltr'><strong> </strong></span> 
     </span>
    </p>
   </div>
  </div>
 </body>
</html>
