2392 3862
372 219 686 275 DECLAMATIONES.
719 218 816 276 CCCL.
1009 218 1072 283 377

116 384 341 449 denuntiatum
374 388 435 449 est.
480 382 594 466 Itaque
626 404 692 447 non
723 387 792 448 tam
824 383 860 448 in
888 383 1074 448 defensione

114 472 263 537 fiduciam
287 473 402 555 habet,
430 493 527 558 quam
550 472 585 536 in
607 471 693 556 lege:
715 493 774 537 nec
797 475 866 536 tam
889 472 996 537 dicere
1018 494 1074 557 po·
1161 527 1168 543 .

114 564 195 643 test,
220 556 325 626 ecelsis
348 583 383 626 sc
405 583 473 626 non
494 559 625 644 fecisse,
648 582 745 643 quum
767 560 863 644 illud,
885 561 1006 646 inpune
1028 561 1074 625 fe·

115 652 205 716 cisse.
228 655 330 734 negot
347 650 434 714 enim
453 672 487 715 sc
505 650 608 714 teneri
626 670 723 733 posse
741 648 896 732 veneficii,
920 650 1073 733 quonism

113 761 179 804 non
203 738 328 804 dederit
349 759 519 804 venenum.
1093 754 1109 803 ὅ

180 828 300 892 Postea
332 827 526 910 videbimus,
563 830 596 891 et
627 827 788 911 quomodo
820 825 1074 912 intellegendum

115 917 158 980 sit
180 938 338 981 venenum
363 921 396 980 et
419 938 460 980 cn
482 916 558 999 hoc,
586 916 671 998 quod
694 916 807 981 datum
831 920 889 999 est,
913 915 972 980 illo
995 918 1074 978 tem·

113 1027 193 1088 pore
211 1005 311 1069 fuerit
330 1026 501 1070 venenum:
521 1003 653 1069 iuterim
666 1007 816 1088 ‘putemus
830 1005 955 1070 nullam
969 1005 1075 1088 legem

113 1094 190 1158 huic
218 1094 333 1159 sceleri
359 1093 491 1178 propris
521 1114 591 1157 esse
614 1095 840 1158 constitutam:
870 1115 978 1158 nonne
1001 1113 1074 1176 pro-

114 1185 202 1247 xima
230 1182 386 1247 utendum
415 1182 487 1247 est?
524 1203 591 1245 non
617 1181 747 1266 ignoro,
775 1204 846 1247 esse
874 1181 1075 1266 frequentem
1096 1198 1130 1248 10

113 1271 300 1336 huiusmodi
327 1271 362 1335 in
390 1271 517 1335 iudiciis
545 1270 724 1335 minoribus
753 1270 922 1336 dumtaxat
944 1275 1076 1335 conten-

113 1361 252 1444 tionem,
283 1363 321 1424 ut
352 1360 464 1442 petitor
491 1359 646 1424 excidisse
669 1358 871 1442 formula[e],
900 1360 938 1423 iit
970 1358 1074 1439 aliter,

115 1470 212 1533 quam
235 1447 513 1532 <o>p0<r>tuerit,
536 1468 633 1532 cgere
657 1447 791 1514 dicatur.
821 1450 877 1514 sed
900 1448 980 1512 hoec
998 1452 1075 1511 tunc

116 1538 236 1618 valent,
258 1558 332 1601 cum
356 1535 539 1602 ostenditur
561 1537 612 1601 ius
635 1535 732 1620 aliud,
756 1560 820 1621 quo
842 1537 1002 1622 agendum
1023 1536 1074 1600 sit.

116 1626 226 1709 itaque
255 1626 284 1690 si
312 1625 406 1710 dicis,
435 1647 499 1710 quc
526 1625 599 1710 legs
628 1625 692 1691 alio
720 1648 870 1692 accusare
899 1626 1074 1706 debuerim,
1095 1640 1128 1690 15

115 1715 232 1781 merito
266 1714 407 1780 excludis
435 1715 532 1798 hanc,
565 1736 630 1799 quo
656 1737 730 1800 ago.
776 1717 832 1781 sed
859 1737 963 1798 neque
991 1714 1075 1778 hauc

115 1805 277 1869 actionem
306 1825 412 1869 mcum
440 1804 601 1869 admitttis
625 1825 728 1887 neque
752 1804 841 1869 aliud
865 1805 1076 1883 demonstras,

117 1915 180 1977 quo
204 1892 352 1958 recedam
376 1893 417 1957 ab
442 1892 505 1956 hac
528 1892 602 1976 lege
625 1892 791 1975 depulsus:
814 1891 878 1956 hoc
901 1890 1076 1971 contendis,

114 1986 151 2045 ut
164 1982 266 2063 istud,
290 1980 420 2046 etiamsi
434 1982 538 2045 scelus
554 1981 611 2062 sit,
629 1981 736 2046 facere
750 1981 886 2045 licuerit.
909 1979 1000 2062 atqui
1014 1977 1076 2041 hoc

113 2070 241 2133 etiamsi
255 2068 343 2150 <sit>
357 2090 424 2133 non
446 2069 576 2152 proprie
599 2069 827 2153 conscriptum,
846 2067 1075 2132 consuetudine
1095 2082 1130 2131 20

114 2157 309 2222 iudiciorum
332 2177 531 2240 consequens
556 2158 614 2235 est,
638 2158 789 2241 quotiens
813 2156 924 2241 aliqua
943 2156 1075 2239 propria

114 2246 199 2310 actio
233 2246 270 2310 in
302 2266 371 2309 rem
403 2267 470 2311 non
501 2245 610 2328 detur,
641 2247 691 2310 uti
722 2245 871 2329 proxima
903 2249 937 2310 et
969 2243 1075 2308 simili.

113 2334 205 2398 nulla
232 2337 326 2398 tanta
349 2355 419 2398 esse
442 2334 551 2418 potuit
572 2334 744 2418 prudentia
766 2334 926 2399 maiorum
949 2329 1075 2419 (quam-

113 2445 212 2506 quem
240 2423 304 2488 fuit
333 2421 488 2508 summa),
516 2426 554 2488 ut
582 2423 622 2488 sd
650 2445 745 2488 omne
777 2445 878 2508 genus
910 2421 1074 2505 nequitiae

114 2511 355 2596 occurrat<ur>.
386 2512 523 2596 ideoque
542 2534 601 2596 per
619 2513 808 2577 universum
827 2517 860 2576 et
879 2533 936 2595 per
954 2531 1075 2595 genera
1093 2526 1128 2576 25

115 2601 246 2685 singula
270 2601 453 2685 conscripta
477 2605 552 2666 sunt
573 2602 653 2666 iuro.
686 2602 800 2667 caedes
824 2601 952 2667 videtur
976 2599 1074 2684 signi-

113 2690 210 2754 ficare
243 2690 435 2773 sanguinem
467 2693 499 2754 et
530 2690 665 2755 ferrum:
694 2692 722 2754 si
754 2691 826 2774 quis
859 2691 925 2755 alio
958 2709 1074 2773 genere
1115 2702 1118 2713 “

114 2778 212 2844 homo
240 2779 340 2843 fuerit
368 2779 507 2862 occisus,
539 2779 580 2843 ud
609 2779 702 2842 illam
729 2781 834 2862 legem
865 2783 1074 2843 revertemur:

114 2867 141 2930 si
169 2867 319 2931 inciderit
349 2867 382 2930 in
411 2867 563 2951 latrinas,
590 2869 619 2932 st
645 2867 680 2931 in
709 2889 808 2952 aquas
833 2867 1076 2952 praecipitatus,

185 3013 199 3061 1
221 3004 411 3061 defensionem
429 3010 473 3058 Bc
487 3008 526 3076 ΝΞ
545 3007 637 3077 legem
656 3011 751 3060 AsBc
765 3009 806 3077 114
825 3023 855 3061 se
872 3008 968 3061 tamen
985 3003 1076 3059 teneri

110 3083 130 3130 Ρ
154 3079 163 3147 ΙΙ
187 3083 203 3132 6
228 3078 256 3131 et
274 3093 324 3132 om.
343 3081 364 3128 B
386 3076 397 3144 ΙΙ
420 3082 508 3130 9-10
526 3077 653 3145 proximo
672 3081 719 3132 AB
742 3079 752 3147 ΙΙ
777 3083 808 3132 12
827 3077 975 3146 pecuniam
994 3078 1074 3140 ABG,

111 3163 180 3205 corr.
199 3147 386 3216 Brissonc'uctl
403 3147 567 3218 formulafe]
586 3149 643 3203 Aer
663 3149 673 3217 n
697 3155 729 3203 13
754 3149 982 3218 potueritne,
1006 3162 1074 3200 corr.

110 3218 187 3288 Bon
214 3225 247 3274 lc
270 3220 331 3273 tum
354 3218 405 3287 Bss
430 3225 462 3273 16
486 3235 569 3287 quum
593 3219 657 3289 lego
676 3224 736 3287 AB,
765 3235 821 3289 qus
838 3219 901 3287 iege
920 3233 974 3288 ugo
993 3216 1069 3284 eddi

110 3291 165 3345 huc
184 3294 242 3360 AB,
261 3306 330 3345 corr.
349 3291 407 3344 Aer·
429 3291 439 3358 ΙΙ
463 3296 495 3344 17
514 3289 763 3346 demonstramus
789 3290 799 3359 ss
832 3295 864 3343 19
884 3291 969 3357 usquc
988 3288 1047 3343 cdd.
1067 3290 1070 3356 j

110 3362 166 3416 hoc
184 3377 235 3417 om.
252 3359 445 3434 uu<sit>1eo
458 3362 468 3432 Ι
482 3366 516 3415 22
535 3361 596 3415 utin
614 3362 708 3430 ΔΙΙὲδ
726 3360 822 3431 potuit
839 3377 899 3415 esse
918 3360 1010 3428 31125
1029 3373 1075 3413 oc·

112 3429 283 3507 currat(nr>
298 3432 343 3487 Ru
356 3433 367 3500 Ι
379 3432 409 3486 id
426 3431 548 3501 ideoque
564 3436 606 3486 Ae
642 3439 676 3488 29
696 3435 819 3487 latrones
838 3434 895 3498 AB,
914 3449 983 3486 corr.
1002 3435 1074 3485 auct.

110 3503 206 3559 inem.
223 3518 270 3573 cp.
289 3502 330 3559 Ps'
341 3503 352 3572 Ι
364 3504 416 3559 sut
432 3506 490 3575 ΑΒ,
508 3518 576 3560 corr.
