<?xml version="1.0" encoding="UTF-8"?>
<!DOCTYPE html PUBLIC "-//W3C//DTD XHTML 1.0 Transitional//EN"
    "http://www.w3.org/TR/xhtml1/DTD/xhtml1-transitional.dtd">
<html xmlns="http://www.w3.org/1999/xhtml" xml:lang="en" lang="en">
 <head>
  <title>
</title>
<meta http-equiv="Content-Type" content="text/html;charset=utf-8" />
  <meta name='ocr-system' content='tesseract 3.04.00' />
  <meta name='ocr-capabilities' content='ocr_page ocr_carea ocr_par ocr_line ocrx_word'/>
</head>
<body>
  <div class='ocr_page' id='page_1' title='image "./mfabiiquintilia00rittgoog_0451.png"; bbox 0 0 2392 3862; ppageno 0'>
   <div class='ocr_carea' id='block_1_1' title="bbox 515 243 744 311">
    <p class='ocr_par' dir='ltr' id='par_1_1' title="bbox 515 243 744 311">
     <span class='ocr_line' id='line_1_1' title="bbox 515 243 744 311; baseline 0 -11"><span class='ocrx_word' id='word_1_1' title='bbox 515 243 744 311; x_wconf 78' lang='lat' dir='ltr'><strong>QUINTILIANI</strong></span> 
     </span>
    </p>
   </div>
   <div class='ocr_carea' id='block_1_2' title="bbox 400 449 870 669">
    <p class='ocr_par' dir='ltr' id='par_1_2' title="bbox 400 449 870 669">
     <span class='ocr_line' id='line_1_2' title="bbox 502 449 763 531; baseline -0.011 -2"><span class='ocrx_word' id='word_1_2' title='bbox 502 449 763 531; x_wconf 74' lang='lat' dir='ltr'><strong>decimu.</strong></span> 
     </span>
     <span class='ocr_line' id='line_1_3' title="bbox 400 583 870 669; baseline 0 -18"><span class='ocrx_word' id='word_1_3' title='bbox 400 583 627 652; x_wconf 78' lang='lat' dir='ltr'>Ornamentis</span> <span class='ocrx_word' id='word_1_4' title='bbox 650 584 870 669; x_wconf 88' lang='lat' dir='ltr'><strong>redemptus.</strong></span> 
     </span>
    </p>
   </div>
   <div class='ocr_carea' id='block_1_3' title="bbox 121 709 1118 1323">
    <p class='ocr_par' dir='ltr' id='par_1_3' title="bbox 156 709 1115 883">
     <span class='ocr_line' id='line_1_4' title="bbox 156 709 1115 776; baseline 0.001 -4"><span class='ocrx_word' id='word_1_5' title='bbox 156 709 341 773; x_wconf 71' lang='lat' dir='ltr'><strong>Annicerii:</strong></span> <span class='ocrx_word' id='word_1_6' title='bbox 369 727 504 775; x_wconf 79' lang='lat' dir='ltr'><strong>Licnar.</strong></span> <span class='ocrx_word' id='word_1_7' title='bbox 551 727 722 775; x_wconf 70' lang='lat' dir='ltr'><strong>aaronem</strong></span> <span class='ocrx_word' id='word_1_8' title='bbox 749 727 894 776; x_wconf 75' lang='lat' dir='ltr'><strong>vionsnr</strong></span> <span class='ocrx_word' id='word_1_9' title='bbox 921 727 974 775; x_wconf 75' lang='lat' dir='ltr'><strong>SIT</strong></span> <span class='ocrx_word' id='word_1_10' title='bbox 998 726 1115 774; x_wconf 80' lang='lat' dir='ltr'><strong>acuro.</strong></span> 
     </span>
     <span class='ocr_line' id='line_1_5' title="bbox 245 796 1114 883; baseline 0 -22"><span class='ocrx_word' id='word_1_11' title='bbox 245 796 378 862; x_wconf 87' lang='lat' dir='ltr'><strong>Amissa</strong></span> <span class='ocrx_word' id='word_1_12' title='bbox 400 820 498 863; x_wconf 84' lang='lat' dir='ltr'><strong>uxore</strong></span> <span class='ocrx_word' id='word_1_13' title='bbox 522 801 555 862; x_wconf 87' lang='lat' dir='ltr'><strong>et</strong></span> <span class='ocrx_word' id='word_1_14' title='bbox 578 797 716 862; x_wconf 84' lang='lat' dir='ltr'>defossis</span> <span class='ocrx_word' id='word_1_15' title='bbox 739 799 774 862; x_wconf 89' lang='lat' dir='ltr'><strong>in</strong></span> <span class='ocrx_word' id='word_1_16' title='bbox 798 799 946 883; x_wconf 92' lang='lat' dir='ltr'><strong>sepulcro</strong></span> <span class='ocrx_word' id='word_1_17' title='bbox 970 798 1038 862; x_wconf 90' lang='lat' dir='ltr'><strong>eius</strong></span> <span class='ocrx_word' id='word_1_18' title='bbox 1062 819 1114 862; x_wconf 93' lang='lat' dir='ltr'><strong>or-</strong></span> 
     </span>
    </p>

    <p class='ocr_par' dir='ltr' id='par_1_4' title="bbox 121 886 1116 1060">
     <span class='ocr_line' id='line_1_6' title="bbox 121 886 1116 971; baseline -0.002 -20"><span class='ocrx_word' id='word_1_19' title='bbox 121 901 137 951; x_wconf 81' lang='lat'><strong>5</strong></span> <span class='ocrx_word' id='word_1_20' title='bbox 244 887 406 950; x_wconf 90' lang='lat' dir='ltr'><strong>namentis</strong></span> <span class='ocrx_word' id='word_1_21' title='bbox 430 887 618 970; x_wconf 73' lang='lat' dir='ltr'>superduxit</span> <span class='ocrx_word' id='word_1_22' title='bbox 640 886 709 950; x_wconf 86' lang='lat' dir='ltr'><strong>filio</strong></span> <span class='ocrx_word' id='word_1_23' title='bbox 732 909 916 952; x_wconf 88' lang='lat' dir='ltr'><strong>novercam.</strong></span> <span class='ocrx_word' id='word_1_24' title='bbox 958 889 1070 971; x_wconf 89' lang='lat' dir='ltr'><strong>captus</strong></span> <span class='ocrx_word' id='word_1_25' title='bbox 1095 909 1116 949; x_wconf 91' lang='lat' dir='ltr'><strong>a</strong></span> 
     </span>
     <span class='ocr_line' id='line_1_7' title="bbox 245 974 1116 1060; baseline 0 -22"><span class='ocrx_word' id='word_1_26' title='bbox 245 974 359 1058; x_wconf 88' lang='lat' dir='ltr'><strong>piratis</strong></span> <span class='ocrx_word' id='word_1_27' title='bbox 383 978 477 1057; x_wconf 89' lang='lat' dir='ltr'><strong>pater</strong></span> <span class='ocrx_word' id='word_1_28' title='bbox 499 976 538 1039; x_wconf 91' lang='lat' dir='ltr'><strong>de</strong></span> <span class='ocrx_word' id='word_1_29' title='bbox 557 976 779 1058; x_wconf 79' lang='lat' dir='ltr'><strong>redemptione</strong></span> <span class='ocrx_word' id='word_1_30' title='bbox 798 976 937 1060; x_wconf 80' lang='lat' dir='ltr'><strong>scripsit.</strong></span> <span class='ocrx_word' id='word_1_31' title='bbox 969 979 1116 1040; x_wconf 93' lang='lat' dir='ltr'><strong>morante</strong></span> 
     </span>
    </p>

    <p class='ocr_par' dir='ltr' id='par_1_5' title="bbox 245 1064 1118 1323">
     <span class='ocr_line' id='line_1_8' title="bbox 245 1064 1117 1147; baseline -0.001 -19"><span class='ocrx_word' id='word_1_32' title='bbox 245 1064 324 1146; x_wconf 85' lang='lat' dir='ltr'><strong>filio,</strong></span> <span class='ocrx_word' id='word_1_33' title='bbox 346 1085 426 1128; x_wconf 86' lang='lat' dir='ltr'><strong>uxor</strong></span> <span class='ocrx_word' id='word_1_34' title='bbox 450 1086 488 1128; x_wconf 86' lang='lat' dir='ltr'><strong>ex</strong></span> <span class='ocrx_word' id='word_1_35' title='bbox 512 1065 658 1147; x_wconf 88' lang='lat' dir='ltr'><strong>sepulcro</strong></span> <span class='ocrx_word' id='word_1_36' title='bbox 682 1065 799 1146; x_wconf 89' lang='lat' dir='ltr'><strong>prioris</strong></span> <span class='ocrx_word' id='word_1_37' title='bbox 822 1064 933 1128; x_wconf 84' lang='lat' dir='ltr'><strong>uxoris</strong></span> <span class='ocrx_word' id='word_1_38' title='bbox 957 1065 1041 1129; x_wconf 93' lang='lat' dir='ltr'><strong>eruit</strong></span> <span class='ocrx_word' id='word_1_39' title='bbox 1065 1084 1117 1127; x_wconf 91' lang='lat' dir='ltr'><strong>or-</strong></span> 
     </span>
     <span class='ocr_line' id='line_1_9' title="bbox 246 1152 1115 1235; baseline -0.002 -19"><span class='ocrx_word' id='word_1_40' title='bbox 246 1156 401 1216; x_wconf 86' lang='lat' dir='ltr'><strong>namenta</strong></span> <span class='ocrx_word' id='word_1_41' title='bbox 424 1156 456 1216; x_wconf 87' lang='lat' dir='ltr'><strong>et</strong></span> <span class='ocrx_word' id='word_1_42' title='bbox 478 1152 578 1217; x_wconf 92' lang='lat' dir='ltr'><strong>misit.</strong></span> <span class='ocrx_word' id='word_1_43' title='bbox 607 1154 648 1218; x_wconf 94' lang='lat' dir='ltr'><strong>ob</strong></span> <span class='ocrx_word' id='word_1_44' title='bbox 672 1153 734 1218; x_wconf 92' lang='lat' dir='ltr'><strong>hoc</strong></span> <span class='ocrx_word' id='word_1_45' title='bbox 757 1175 776 1216; x_wconf 94' lang='lat' dir='ltr'><strong>a</strong></span> <span class='ocrx_word' id='word_1_46' title='bbox 799 1153 949 1235; x_wconf 82' lang='lat' dir='ltr'><strong>privigno</strong></span> <span class='ocrx_word' id='word_1_47' title='bbox 974 1152 1115 1234; x_wconf 81' lang='lat' dir='ltr'><strong>sepulcri</strong></span> 
     </span>
     <span class='ocr_line' id='line_1_10' title="bbox 246 1239 1118 1323; baseline -0.002 -18"><span class='ocrx_word' id='word_1_48' title='bbox 246 1241 361 1306; x_wconf 86' lang='lat' dir='ltr'><strong>violati</strong></span> <span class='ocrx_word' id='word_1_49' title='bbox 389 1246 538 1305; x_wconf 88' lang='lat' dir='ltr'><strong>accusata</strong></span> <span class='ocrx_word' id='word_1_50' title='bbox 566 1244 598 1305; x_wconf 89' lang='lat' dir='ltr'><strong>et</strong></span> <span class='ocrx_word' id='word_1_51' title='bbox 625 1242 779 1306; x_wconf 89' lang='lat' dir='ltr'><strong>damnata</strong></span> <span class='ocrx_word' id='word_1_52' title='bbox 807 1245 866 1305; x_wconf 90' lang='lat' dir='ltr'><strong>est.</strong></span> <span class='ocrx_word' id='word_1_53' title='bbox 910 1245 1004 1323; x_wconf 86' lang='lat' dir='ltr'><strong>pater</strong></span> <span class='ocrx_word' id='word_1_54' title='bbox 1032 1239 1118 1303; x_wconf 87' lang='lat' dir='ltr'><strong>redit</strong></span> 
     </span>
    </p>
   </div>
   <div class='ocr_carea' id='block_1_4' title="bbox 248 1329 805 1572">
    <p class='ocr_par' dir='ltr' id='par_1_6' title="bbox 248 1329 805 1572">
     <span class='ocr_line' id='line_1_11' title="bbox 248 1329 566 1395; baseline -0.003 0"><span class='ocrx_word' id='word_1_55' title='bbox 248 1333 281 1395; x_wconf 87' lang='lat' dir='ltr'><strong>et</strong></span> <span class='ocrx_word' id='word_1_56' title='bbox 303 1330 431 1394; x_wconf 90' lang='lat' dir='ltr'><strong>abdicat</strong></span> <span class='ocrx_word' id='word_1_57' title='bbox 454 1329 566 1394; x_wconf 91' lang='lat' dir='ltr'><strong>filium.</strong></span> 
     </span>
     <span class='ocr_line' id='line_1_12' title="bbox 468 1503 805 1572; baseline 0.006 -3"><span class='ocrx_word' id='word_1_58' title='bbox 468 1503 805 1572; x_wconf 74' lang='lat' dir='ltr'><strong>DECLAMATIO.</strong></span> 
     </span>
    </p>
   </div>
   <div class='ocr_carea' id='block_1_5' title="bbox 107 1628 1121 3046">
    <p class='ocr_par' dir='ltr' id='par_1_7' title="bbox 159 1628 1118 1886">
     <span class='ocr_line' id='line_1_13' title="bbox 225 1628 1118 1714; baseline 0 -21"><span class='ocrx_word' id='word_1_59' title='bbox 225 1628 312 1693; x_wconf 88' lang='lat' dir='ltr'><strong>Ante</strong></span> <span class='ocrx_word' id='word_1_60' title='bbox 340 1653 436 1714; x_wconf 89' lang='lat' dir='ltr'><strong>quam</strong></span> <span class='ocrx_word' id='word_1_61' title='bbox 468 1631 680 1714; x_wconf 90' lang='lat' dir='ltr'><strong>parricidium</strong></span> <span class='ocrx_word' id='word_1_62' title='bbox 712 1630 863 1695; x_wconf 90' lang='lat' dir='ltr'><strong>inertiam</strong></span> <span class='ocrx_word' id='word_1_63' title='bbox 897 1630 1018 1694; x_wconf 91' lang='lat' dir='ltr'><strong>obicio:</strong></span> <span class='ocrx_word' id='word_1_64' title='bbox 1050 1651 1118 1693; x_wconf 91' lang='lat' dir='ltr'><strong>non</strong></span> 
     </span>
     <span class='ocr_line' id='line_1_14' title="bbox 159 1718 1116 1804; baseline -0.001 -22"><span class='ocrx_word' id='word_1_65' title='bbox 159 1740 193 1783; x_wconf 90' lang='lat' dir='ltr'><strong>es</strong></span> <span class='ocrx_word' id='word_1_66' title='bbox 220 1719 461 1803; x_wconf 77' lang='lat' dir='ltr'><strong>peregrinatus,</strong></span> <span class='ocrx_word' id='word_1_67' title='bbox 494 1720 591 1784; x_wconf 86' lang='lat' dir='ltr'><strong>etiam</strong></span> <span class='ocrx_word' id='word_1_68' title='bbox 619 1741 670 1783; x_wconf 89' lang='lat' dir='ltr'><strong>me</strong></span> <span class='ocrx_word' id='word_1_69' title='bbox 698 1718 933 1804; x_wconf 77' lang='lat' dir='ltr'><strong>peregrinante.</strong></span> <span class='ocrx_word' id='word_1_70' title='bbox 984 1723 1116 1783; x_wconf 89' lang='lat' dir='ltr'><strong>coaetus</strong></span> 
     </span>
     <span class='ocr_line' id='line_1_15' title="bbox 159 1806 1117 1886; baseline -0.001 -14"><span class='ocrx_word' id='word_1_71' title='bbox 159 1829 230 1872; x_wconf 88' lang='lat' dir='ltr'><strong>sum</strong></span> <span class='ocrx_word' id='word_1_72' title='bbox 254 1811 327 1872; x_wconf 85' lang='lat' dir='ltr'><strong>tuas</strong></span> <span class='ocrx_word' id='word_1_73' title='bbox 351 1807 437 1871; x_wconf 88' lang='lat' dir='ltr'><strong>vices</strong></span> <span class='ocrx_word' id='word_1_74' title='bbox 461 1808 629 1873; x_wconf 87' lang='lat' dir='ltr'><strong>sustinere.</strong></span> <span class='ocrx_word' id='word_1_75' title='bbox 660 1808 717 1873; x_wconf 90' lang='lat' dir='ltr'><strong>sed</strong></span> <span class='ocrx_word' id='word_1_76' title='bbox 735 1807 830 1886; x_wconf 91' lang='lat' dir='ltr'><strong>dices,</strong></span> <span class='ocrx_word' id='word_1_77' title='bbox 853 1828 920 1871; x_wconf 92' lang='lat' dir='ltr'><strong>non</strong></span> <span class='ocrx_word' id='word_1_78' title='bbox 938 1809 1042 1871; x_wconf 89' lang='lat' dir='ltr'><strong>totam</strong></span> <span class='ocrx_word' id='word_1_79' title='bbox 1063 1806 1117 1871; x_wconf 92' lang='lat' dir='ltr'><strong>do-</strong></span> 
     </span>
    </p>

    <p class='ocr_par' dir='ltr' id='par_1_8' title="bbox 107 1896 1121 2338">
     <span class='ocr_line' id='line_1_16' title="bbox 107 1896 1119 1979; baseline 0.001 -20"><span class='ocrx_word' id='word_1_80' title='bbox 107 1909 139 1959; x_wconf 79' lang='lat'><strong>15</strong></span> <span class='ocrx_word' id='word_1_81' title='bbox 158 1918 246 1961; x_wconf 90' lang='lat' dir='ltr'><strong>mum</strong></span> <span class='ocrx_word' id='word_1_82' title='bbox 271 1896 305 1959; x_wconf 91' lang='lat' dir='ltr'><strong>in</strong></span> <span class='ocrx_word' id='word_1_83' title='bbox 328 1897 509 1979; x_wconf 88' lang='lat' dir='ltr'><strong>periculum</strong></span> <span class='ocrx_word' id='word_1_84' title='bbox 533 1897 693 1962; x_wconf 87' lang='lat' dir='ltr'><strong>committi</strong></span> <span class='ocrx_word' id='word_1_85' title='bbox 716 1896 875 1962; x_wconf 83' lang='lat' dir='ltr'><strong>debuisse.</strong></span> <span class='ocrx_word' id='word_1_86' title='bbox 920 1896 1119 1979; x_wconf 84' lang='lat' dir='ltr'><strong>remansisti,</strong></span> 
     </span>
     <span class='ocr_line' id='line_1_17' title="bbox 159 1983 1118 2069; baseline -0.002 -19"><span class='ocrx_word' id='word_1_87' title='bbox 159 1988 197 2050; x_wconf 88' lang='lat' dir='ltr'><strong>ut</strong></span> <span class='ocrx_word' id='word_1_88' title='bbox 218 1983 414 2050; x_wconf 81' lang='lat' dir='ltr'><strong>redimeres?</strong></span> <span class='ocrx_word' id='word_1_89' title='bbox 450 1987 571 2050; x_wconf 87' lang='lat' dir='ltr'><strong>redime</strong></span> <span class='ocrx_word' id='word_1_90' title='bbox 600 1989 727 2069; x_wconf 84' lang='lat' dir='ltr'><strong>patrem</strong></span> <span class='ocrx_word' id='word_1_91' title='bbox 752 1987 893 2068; x_wconf 87' lang='lat' dir='ltr'><strong>captum!</strong></span> <span class='ocrx_word' id='word_1_92' title='bbox 931 1984 1118 2049; x_wconf 86' lang='lat' dir='ltr'><strong>deseruisti:</strong></span> 
     </span>
     <span class='ocr_line' id='line_1_18' title="bbox 161 2073 1121 2160; baseline 0 -23"><span class='ocrx_word' id='word_1_93' title='bbox 161 2073 337 2138; x_wconf 85' lang='lat' dir='ltr'><strong>maximum</strong></span> <span class='ocrx_word' id='word_1_94' title='bbox 362 2075 496 2160; x_wconf 79' lang='lat' dir='ltr'><strong>crimen,</strong></span> <span class='ocrx_word' id='word_1_95' title='bbox 518 2077 618 2140; x_wconf 92' lang='lat' dir='ltr'><strong>immo</strong></span> <span class='ocrx_word' id='word_1_96' title='bbox 641 2073 860 2160; x_wconf 86' lang='lat' dir='ltr'><strong>parricidium.</strong></span> <span class='ocrx_word' id='word_1_97' title='bbox 905 2077 1062 2159; x_wconf 90' lang='lat' dir='ltr'><strong>quantum</strong></span> <span class='ocrx_word' id='word_1_98' title='bbox 1084 2074 1121 2137; x_wconf 91' lang='lat' dir='ltr'><strong>in</strong></span> 
     </span>
     <span class='ocr_line' id='line_1_19' title="bbox 159 2161 1119 2248; baseline -0.002 -22"><span class='ocrx_word' id='word_1_99' title='bbox 159 2165 192 2227; x_wconf 88' lang='lat' dir='ltr'><strong>te</strong></span> <span class='ocrx_word' id='word_1_100' title='bbox 216 2161 286 2246; x_wconf 85' lang='lat' dir='ltr'><strong>fuit,</strong></span> <span class='ocrx_word' id='word_1_101' title='bbox 311 2164 435 2228; x_wconf 90' lang='lat' dir='ltr'><strong>occisus</strong></span> <span class='ocrx_word' id='word_1_102' title='bbox 455 2186 535 2247; x_wconf 92' lang='lat' dir='ltr'><strong>sum,</strong></span> <span class='ocrx_word' id='word_1_103' title='bbox 559 2167 591 2228; x_wconf 90' lang='lat' dir='ltr'><strong>et</strong></span> <span class='ocrx_word' id='word_1_104' title='bbox 610 2163 812 2248; x_wconf 84' lang='lat' dir='ltr'><strong>gravissimis</strong></span> <span class='ocrx_word' id='word_1_105' title='bbox 832 2163 960 2246; x_wconf 90' lang='lat' dir='ltr'><strong>quidem</strong></span> <span class='ocrx_word' id='word_1_106' title='bbox 979 2167 1119 2227; x_wconf 86' lang='lat' dir='ltr'><strong>tormen-</strong></span> 
     </span>
     <span class='ocr_line' id='line_1_20' title="bbox 160 2250 1120 2338; baseline 0 -24"><span class='ocrx_word' id='word_1_107' title='bbox 160 2250 212 2315; x_wconf 87' lang='lat' dir='ltr'><strong>tis.</strong></span> <span class='ocrx_word' id='word_1_108' title='bbox 235 2273 340 2336; x_wconf 90' lang='lat' dir='ltr'><strong>neque</strong></span> <span class='ocrx_word' id='word_1_109' title='bbox 364 2255 421 2336; x_wconf 89' lang='lat' dir='ltr'><strong>est,</strong></span> <span class='ocrx_word' id='word_1_110' title='bbox 444 2252 530 2338; x_wconf 92' lang='lat' dir='ltr'><strong>quod</strong></span> <span class='ocrx_word' id='word_1_111' title='bbox 552 2255 778 2337; x_wconf 86' lang='lat' dir='ltr'><strong>paupertatem</strong></span> <span class='ocrx_word' id='word_1_112' title='bbox 802 2273 946 2315; x_wconf 81' lang='lat' dir='ltr'><strong>excuses:</strong></span> <span class='ocrx_word' id='word_1_113' title='bbox 970 2251 1120 2334; x_wconf 89' lang='lat' dir='ltr'><strong>impietas</strong></span> 
     </span>
    </p>

    <p class='ocr_par' dir='ltr' id='par_1_9' title="bbox 107 2339 1118 2581">
     <span class='ocr_line' id='line_1_21' title="bbox 107 2339 1118 2425; baseline -0.002 -21"><span class='ocrx_word' id='word_1_114' title='bbox 107 2355 142 2405; x_wconf 76' lang='lat'><strong>20</strong></span> <span class='ocrx_word' id='word_1_115' title='bbox 159 2339 231 2403; x_wconf 83' lang='lat' dir='ltr'><strong>fuit.</strong></span> <span class='ocrx_word' id='word_1_116' title='bbox 268 2342 420 2406; x_wconf 91' lang='lat' dir='ltr'><strong>moraris:</strong></span> <span class='ocrx_word' id='word_1_117' title='bbox 454 2345 487 2406; x_wconf 86' lang='lat' dir='ltr'><strong>et</strong></span> <span class='ocrx_word' id='word_1_118' title='bbox 519 2342 596 2425; x_wconf 89' lang='lat' dir='ltr'><strong>quid</strong></span> <span class='ocrx_word' id='word_1_119' title='bbox 628 2340 732 2404; x_wconf 77' lang='lat' dir='ltr'><strong>facis?</strong></span> <span class='ocrx_word' id='word_1_120' title='bbox 773 2345 811 2405; x_wconf 86' lang='lat' dir='ltr'><strong>ut</strong></span> <span class='ocrx_word' id='word_1_121' title='bbox 839 2340 938 2405; x_wconf 87' lang='lat' dir='ltr'><strong>sciam</strong></span> <span class='ocrx_word' id='word_1_122' title='bbox 967 2339 1118 2422; x_wconf 90' lang='lat' dir='ltr'><strong>otiosum,</strong></span> 
     </span>
     <span class='ocr_line' id='line_1_22' title="bbox 160 2429 1118 2513; baseline 0.001 -22"><span class='ocrx_word' id='word_1_123' title='bbox 160 2449 301 2494; x_wconf 85' lang='lat' dir='ltr'><strong>accusas.</strong></span> <span class='ocrx_word' id='word_1_124' title='bbox 347 2429 410 2494; x_wconf 87' lang='lat' dir='ltr'><strong>hoc</strong></span> <span class='ocrx_word' id='word_1_125' title='bbox 439 2429 555 2494; x_wconf 84' lang='lat' dir='ltr'><strong>vacat?</strong></span> <span class='ocrx_word' id='word_1_126' title='bbox 598 2432 631 2494; x_wconf 86' lang='lat' dir='ltr'><strong>et</strong></span> <span class='ocrx_word' id='word_1_127' title='bbox 660 2450 757 2513; x_wconf 91' lang='lat' dir='ltr'><strong>quam</strong></span> <span class='ocrx_word' id='word_1_128' title='bbox 787 2429 941 2494; x_wconf 81' lang='lat' dir='ltr'><strong>accusas?</strong></span> <span class='ocrx_word' id='word_1_129' title='bbox 985 2450 1118 2493; x_wconf 86' lang='lat' dir='ltr'><strong>uxorem</strong></span> 
     </span>
     <span class='ocr_line' id='line_1_23' title="bbox 160 2537 275 2581; baseline 0.017 -2"><span class='ocrx_word' id='word_1_130' title='bbox 160 2537 275 2581; x_wconf 88' lang='lat' dir='ltr'><strong>meam.</strong></span> 
     </span>
    </p>

    <p class='ocr_par' dir='ltr' id='par_1_10' title="bbox 160 2603 1120 2781">
     <span class='ocr_line' id='line_1_24' title="bbox 230 2603 1119 2691; baseline 0.001 -21"><span class='ocrx_word' id='word_1_131' title='bbox 230 2603 452 2691; x_wconf 87' lang='lat' dir='ltr'><strong>,Sepulcrum,</strong></span> <span class='ocrx_word' id='word_1_132' title='bbox 485 2607 605 2691; x_wconf 86' lang='lat' dir='ltr'><strong>inquit,</strong></span> <span class='ocrx_word' id='word_1_133' title='bbox 633 2603 840 2671; x_wconf 81' lang='lat' dir='ltr'><strong>violaverat.“</strong></span> <span class='ocrx_word' id='word_1_134' title='bbox 889 2605 973 2683; x_wconf 84' lang='lat' dir='ltr'><strong>Quid</strong></span> <span class='ocrx_word' id='word_1_135' title='bbox 998 2607 1038 2671; x_wconf 93' lang='lat' dir='ltr'><strong>ad</strong></span> <span class='ocrx_word' id='word_1_136' title='bbox 1061 2607 1119 2671; x_wconf 82' lang='lat' dir='ltr'><strong>te?</strong></span> 
     </span>
     <span class='ocr_line' id='line_1_25' title="bbox 160 2694 1120 2781; baseline 0.004 -24"><span class='ocrx_word' id='word_1_137' title='bbox 160 2715 233 2758; x_wconf 88' lang='lat' dir='ltr'><strong>mea</strong></span> <span class='ocrx_word' id='word_1_138' title='bbox 260 2695 380 2759; x_wconf 89' lang='lat' dir='ltr'><strong>iniuria</strong></span> <span class='ocrx_word' id='word_1_139' title='bbox 408 2698 470 2779; x_wconf 81' lang='lat' dir='ltr'><strong>est3</strong></span> <span class='ocrx_word' id='word_1_140' title='bbox 503 2716 563 2779; x_wconf 85' lang='lat' dir='ltr'><strong>ego</strong></span> <span class='ocrx_word' id='word_1_141' title='bbox 591 2694 773 2761; x_wconf 88' lang='lat' dir='ltr'><strong>vindicabo.</strong></span> <span class='ocrx_word' id='word_1_142' title='bbox 819 2694 875 2760; x_wconf 90' lang='lat' dir='ltr'><strong>sed</strong></span> <span class='ocrx_word' id='word_1_143' title='bbox 902 2717 943 2760; x_wconf 90' lang='lat' dir='ltr'><strong>ne</strong></span> <span class='ocrx_word' id='word_1_144' title='bbox 967 2716 1027 2781; x_wconf 79' lang='lat' dir='ltr'><strong>ego</strong></span> <span class='ocrx_word' id='word_1_145' title='bbox 1051 2696 1120 2780; x_wconf 92' lang='lat' dir='ltr'><strong>qui-</strong></span> 
     </span>
    </p>

    <p class='ocr_par' dir='ltr' id='par_1_11' title="bbox 107 2780 1121 3046">
     <span class='ocr_line' id='line_1_26' title="bbox 107 2780 1119 2870; baseline 0.001 -22"><span class='ocrx_word' id='word_1_146' title='bbox 107 2797 142 2848; x_wconf 76' lang='lat' dir='ltr'><strong>aa</strong></span> <span class='ocrx_word' id='word_1_147' title='bbox 161 2780 233 2845; x_wconf 90' lang='lat' dir='ltr'><strong>dem</strong></span> <span class='ocrx_word' id='word_1_148' title='bbox 258 2783 373 2848; x_wconf 89' lang='lat' dir='ltr'><strong>debeo:</strong></span> <span class='ocrx_word' id='word_1_149' title='bbox 401 2787 487 2848; x_wconf 88' lang='lat' dir='ltr'><strong>recte</strong></span> <span class='ocrx_word' id='word_1_150' title='bbox 510 2784 656 2849; x_wconf 86' lang='lat' dir='ltr'><strong>violavit.</strong></span> <span class='ocrx_word' id='word_1_151' title='bbox 705 2786 761 2869; x_wconf 86' lang='lat' dir='ltr'><strong>,ut</strong></span> <span class='ocrx_word' id='word_1_152' title='bbox 784 2786 881 2869; x_wconf 90' lang='lat' dir='ltr'><strong>scias,</strong></span> <span class='ocrx_word' id='word_1_153' title='bbox 905 2785 1025 2870; x_wconf 91' lang='lat' dir='ltr'><strong>inquit,</strong></span> <span class='ocrx_word' id='word_1_154' title='bbox 1048 2806 1119 2868; x_wconf 90' lang='lat' dir='ltr'><strong>peo-</strong></span> 
     </span>
     <span class='ocr_line' id='line_1_27' title="bbox 161 2871 1120 2960; baseline 0.001 -24"><span class='ocrx_word' id='word_1_155' title='bbox 161 2891 265 2936; x_wconf 89' lang='lat' dir='ltr'><strong>casse:</strong></span> <span class='ocrx_word' id='word_1_156' title='bbox 296 2871 450 2936; x_wconf 88' lang='lat' dir='ltr'><strong>damnata</strong></span> <span class='ocrx_word' id='word_1_157' title='bbox 473 2871 550 2937; x_wconf 86' lang='lat' dir='ltr'><strong>est.“</strong></span> <span class='ocrx_word' id='word_1_158' title='bbox 597 2873 739 2952; x_wconf 88' lang='lat' dir='ltr'><strong>miraris,</strong></span> <span class='ocrx_word' id='word_1_159' title='bbox 763 2874 896 2940; x_wconf 88' lang='lat' dir='ltr'><strong>absente</strong></span> <span class='ocrx_word' id='word_1_160' title='bbox 919 2874 1012 2941; x_wconf 82' lang='lat' dir='ltr'><strong>viro?</strong></span> <span class='ocrx_word' id='word_1_161' title='bbox 1059 2895 1120 2960; x_wconf 80' lang='lat' dir='ltr'><strong>ego</strong></span> 
     </span>
     <span class='ocr_line' id='line_1_28' title="bbox 161 2961 1121 3046; baseline 0.003 -23"><span class='ocrx_word' id='word_1_162' title='bbox 161 2961 202 3038; x_wconf 88' lang='lat' dir='ltr'><strong>te,</strong></span> <span class='ocrx_word' id='word_1_163' title='bbox 217 2982 306 3042; x_wconf 85' lang='lat' dir='ltr'><strong>uxor,</strong></span> <span class='ocrx_word' id='word_1_164' title='bbox 321 2961 481 3045; x_wconf 89' lang='lat' dir='ltr'><strong>damnavi,</strong></span> <span class='ocrx_word' id='word_1_165' title='bbox 500 2962 623 3046; x_wconf 87' lang='lat' dir='ltr'><strong>optima</strong></span> <span class='ocrx_word' id='word_1_166' title='bbox 640 2962 848 3029; x_wconf 86' lang='lat' dir='ltr'><strong>feminarum:</strong></span> <span class='ocrx_word' id='word_1_167' title='bbox 868 2963 923 3028; x_wconf 90' lang='lat' dir='ltr'><strong>sed</strong></span> <span class='ocrx_word' id='word_1_168' title='bbox 937 2962 1121 3028; x_wconf 83' lang='lat' dir='ltr'><strong>vindicabo.</strong></span> 
     </span>
    </p>
   </div>
   <div class='ocr_carea' id='block_1_6' title="bbox 161 3133 1122 3488">
    <p class='ocr_par' dir='ltr' id='par_1_12' title="bbox 161 3133 1122 3488">
     <span class='ocr_line' id='line_1_29' title="bbox 236 3133 1120 3208; baseline 0.002 -18"><span class='ocrx_word' id='word_1_169' title='bbox 236 3141 250 3190; x_wconf 89' lang='lat'>1</span> <span class='ocrx_word' id='word_1_170' title='bbox 270 3133 437 3190; x_wconf 77' lang='lat' dir='ltr'>CCCLXXII</span> <span class='ocrx_word' id='word_1_171' title='bbox 455 3140 505 3188; x_wconf 77' lang='lat' dir='ltr'><strong>Ar</strong></span> <span class='ocrx_word' id='word_1_172' title='bbox 519 3139 557 3204; x_wconf 72' lang='grc'><strong>112</strong></span> <span class='ocrx_word' id='word_1_173' title='bbox 576 3137 732 3192; x_wconf 87' lang='lat' dir='ltr'><strong>redemstus</strong></span> <span class='ocrx_word' id='word_1_174' title='bbox 752 3139 828 3208; x_wconf 72' lang='lat' dir='ltr'><strong>All4</strong></span> <span class='ocrx_word' id='word_1_175' title='bbox 847 3134 1025 3190; x_wconf 86' lang='lat' dir='ltr'><strong>defossis</strong></span> <span class='ocrx_word' id='word_1_176' title='bbox 1043 3138 1088 3206; x_wconf 77' lang='grc' dir='ltr'><strong>ΔΗ</strong></span> <span class='ocrx_word' id='word_1_177' title='bbox 1104 3145 1120 3192; x_wconf 89' lang='grc'><strong>6</strong></span> 
     </span>
     <span class='ocr_line' id='line_1_30' title="bbox 163 3204 1122 3278; baseline 0.001 -17"><span class='ocrx_word' id='word_1_178' title='bbox 163 3208 260 3264; x_wconf 85' lang='lat' dir='ltr'><strong>orante</strong></span> <span class='ocrx_word' id='word_1_179' title='bbox 279 3210 315 3274; x_wconf 82' lang='grc' dir='ltr'><strong>Δ,</strong></span> <span class='ocrx_word' id='word_1_180' title='bbox 341 3207 462 3260; x_wconf 89' lang='lat' dir='ltr'><strong>moranti</strong></span> <span class='ocrx_word' id='word_1_181' title='bbox 480 3210 500 3258; x_wconf 82' lang='lat' dir='ltr'>B</span> <span class='ocrx_word' id='word_1_182' title='bbox 515 3209 553 3278; x_wconf 67' lang='lat' dir='ltr'><strong>ui</strong></span> <span class='ocrx_word' id='word_1_183' title='bbox 574 3210 604 3262; x_wconf 90' lang='lat' dir='ltr'><strong>et</strong></span> <span class='ocrx_word' id='word_1_184' title='bbox 621 3211 655 3277; x_wconf 83' lang='lat' dir='ltr'><strong>B,</strong></span> <span class='ocrx_word' id='word_1_185' title='bbox 675 3225 689 3262; x_wconf 90' lang='lat' dir='ltr'><strong>e</strong></span> <span class='ocrx_word' id='word_1_186' title='bbox 708 3213 728 3260; x_wconf 81' lang='lat' dir='ltr'>P</span> <span class='ocrx_word' id='word_1_187' title='bbox 746 3210 756 3277; x_wconf 75' lang='lat' dir='ltr'><strong>ll</strong></span> <span class='ocrx_word' id='word_1_188' title='bbox 775 3214 790 3262; x_wconf 85' lang='lat'>9</span> <span class='ocrx_word' id='word_1_189' title='bbox 810 3224 867 3262; x_wconf 88' lang='lat' dir='ltr'><strong>acc.</strong></span> <span class='ocrx_word' id='word_1_190' title='bbox 886 3204 973 3261; x_wconf 89' lang='lat' dir='ltr'><strong>etiam</strong></span> <span class='ocrx_word' id='word_1_191' title='bbox 991 3209 1059 3259; x_wconf 87' lang='lat' dir='ltr'><strong>nata</strong></span> <span class='ocrx_word' id='word_1_192' title='bbox 1077 3213 1122 3262; x_wconf 86' lang='lat' dir='ltr'><strong>est</strong></span> 
     </span>
     <span class='ocr_line' id='line_1_31' title="bbox 161 3275 1121 3347; baseline 0.004 -18"><span class='ocrx_word' id='word_1_193' title='bbox 161 3281 181 3329; x_wconf 81' lang='lat' dir='ltr'>B</span> <span class='ocrx_word' id='word_1_194' title='bbox 200 3279 209 3346; x_wconf 87' lang='grc' dir='ltr'><strong>ΙΙ</strong></span> <span class='ocrx_word' id='word_1_195' title='bbox 229 3284 261 3335; x_wconf 75' lang='lat'><strong>12</strong></span> <span class='ocrx_word' id='word_1_196' title='bbox 280 3277 447 3347; x_wconf 86' lang='lat' dir='ltr'><strong>paricidium</strong></span> <span class='ocrx_word' id='word_1_197' title='bbox 465 3281 488 3330; x_wconf 83' lang='grc' dir='ltr'><strong>Δ</strong></span> <span class='ocrx_word' id='word_1_198' title='bbox 506 3281 516 3346; x_wconf 73' lang='grc' dir='ltr'><strong>[Ι</strong></span> <span class='ocrx_word' id='word_1_199' title='bbox 535 3283 568 3332; x_wconf 81' lang='grc'><strong>15</strong></span> <span class='ocrx_word' id='word_1_200' title='bbox 593 3294 654 3332; x_wconf 88' lang='lat' dir='ltr'><strong>rem</strong></span> <span class='ocrx_word' id='word_1_201' title='bbox 672 3278 774 3333; x_wconf 82' lang='lat' dir='ltr'><strong>auxisti</strong></span> <span class='ocrx_word' id='word_1_202' title='bbox 792 3281 813 3330; x_wconf 79' lang='lat' dir='ltr'>B</span> <span class='ocrx_word' id='word_1_203' title='bbox 831 3280 841 3346; x_wconf 74' lang='lat' dir='ltr'>u</span> <span class='ocrx_word' id='word_1_204' title='bbox 861 3282 893 3331; x_wconf 89' lang='grc'><strong>16</strong></span> <span class='ocrx_word' id='word_1_205' title='bbox 916 3278 949 3329; x_wconf 84' lang='lat' dir='ltr'><strong>ut</strong></span> <span class='ocrx_word' id='word_1_206' title='bbox 970 3275 1121 3333; x_wconf 89' lang='lat' dir='ltr'><strong>redimeres</strong></span> 
     </span>
     <span class='ocr_line' id='line_1_32' title="bbox 161 3347 1119 3420; baseline 0.001 -18"><span class='ocrx_word' id='word_1_207' title='bbox 161 3351 271 3417; x_wconf 91' lang='lat' dir='ltr'><strong>patrem</strong></span> <span class='ocrx_word' id='word_1_208' title='bbox 290 3351 411 3418; x_wconf 82' lang='lat' dir='ltr'><strong>captum.</strong></span> <span class='ocrx_word' id='word_1_209' title='bbox 431 3350 507 3414; x_wconf 80' lang='lat' dir='ltr'><strong>edd.;</strong></span> <span class='ocrx_word' id='word_1_210' title='bbox 534 3350 597 3404; x_wconf 80' lang='lat' dir='ltr'><strong>item</strong></span> <span class='ocrx_word' id='word_1_211' title='bbox 620 3367 681 3405; x_wconf 80' lang='lat' dir='ltr'><strong>cam</strong></span> <span class='ocrx_word' id='word_1_212' title='bbox 703 3351 782 3420; x_wconf 72' lang='lat' dir='ltr'><strong>siquo</strong></span> <span class='ocrx_word' id='word_1_213' title='bbox 807 3347 1031 3416; x_wconf 72' lang='lat' dir='ltr'><strong>interroyutioais</strong></span> <span class='ocrx_word' id='word_1_214' title='bbox 1049 3348 1092 3403; x_wconf 87' lang='lat' dir='ltr'><strong>Ro</strong></span> <span class='ocrx_word' id='word_1_215' title='bbox 1112 3351 1119 3419; x_wconf 68' lang='grc' dir='ltr'>Η</span> 
     </span>
     <span class='ocr_line' id='line_1_33' title="bbox 163 3419 637 3488; baseline 0 -16"><span class='ocrx_word' id='word_1_216' title='bbox 163 3425 196 3474; x_wconf 87' lang='grc'><strong>19</strong></span> <span class='ocrx_word' id='word_1_217' title='bbox 216 3436 330 3476; x_wconf 86' lang='lat' dir='ltr'><strong>accuses</strong></span> <span class='ocrx_word' id='word_1_218' title='bbox 347 3423 386 3473; x_wconf 85' lang='lat' dir='ltr'><strong>Ba</strong></span> <span class='ocrx_word' id='word_1_219' title='bbox 400 3421 409 3488; x_wconf 87' lang='grc' dir='ltr'><strong>ΙΙ</strong></span> <span class='ocrx_word' id='word_1_220' title='bbox 423 3426 458 3474; x_wconf 80' lang='grc'><strong>20</strong></span> <span class='ocrx_word' id='word_1_221' title='bbox 477 3419 599 3475; x_wconf 87' lang='lat' dir='ltr'><strong>occisum</strong></span> <span class='ocrx_word' id='word_1_222' title='bbox 617 3424 637 3472; x_wconf 81' lang='lat' dir='ltr'>B</span> 
     </span>
    </p>
   </div>
   <div class='ocr_carea' id='block_1_7' title="bbox 0 0 1209 3862">
    <p class='ocr_par' dir='ltr' id='par_1_13' title="bbox 0 0 1209 3862">
     <span class='ocr_line' id='line_1_34' title="bbox 0 0 1209 3862; baseline 0 0"><span class='ocrx_word' id='word_1_223' title='bbox 0 0 1209 3862; x_wconf 95' lang='lat' dir='ltr'><strong> </strong></span> 
     </span>
    </p>
   </div>
  </div>
 </body>
</html>
