<?xml version="1.0" encoding="UTF-8"?>
<!DOCTYPE html PUBLIC "-//W3C//DTD XHTML 1.0 Transitional//EN"
    "http://www.w3.org/TR/xhtml1/DTD/xhtml1-transitional.dtd">
<html xmlns="http://www.w3.org/1999/xhtml" xml:lang="en" lang="en">
 <head>
  <title>
</title>
<meta http-equiv="Content-Type" content="text/html;charset=utf-8" />
  <meta name='ocr-system' content='tesseract 3.04.00' />
  <meta name='ocr-capabilities' content='ocr_page ocr_carea ocr_par ocr_line ocrx_word'/>
</head>
<body>
  <div class='ocr_page' id='page_1' title='image "./mfabiiquintilia00rittgoog_0032.png"; bbox 0 0 2392 3862; ppageno 0'>
   <div class='ocr_carea' id='block_1_1' title="bbox 486 200 1074 258">
    <p class='ocr_par' dir='ltr' id='par_1_1' title="bbox 486 200 1074 258">
     <span class='ocr_line' id='line_1_1' title="bbox 486 200 1074 258; baseline 0.005 -4"><span class='ocrx_word' id='word_1_1' title='bbox 486 200 702 256; x_wconf 79' lang='lat' dir='ltr'><strong>PRAEFATIO.</strong></span> <span class='ocrx_word' id='word_1_2' title='bbox 997 201 1074 258; x_wconf 85' lang='lat' dir='ltr'><strong>XXV</strong></span> 
     </span>
    </p>
   </div>
   <div class='ocr_carea' id='block_1_2' title="bbox 110 351 1076 1014">
    <p class='ocr_par' dir='ltr' id='par_1_2' title="bbox 110 351 1074 627">
     <span class='ocr_line' id='line_1_2' title="bbox 111 351 1074 428; baseline 0.001 -17"><span class='ocrx_word' id='word_1_3' title='bbox 111 370 160 411; x_wconf 91' lang='lat' dir='ltr'><strong>me</strong></span> <span class='ocrx_word' id='word_1_4' title='bbox 190 352 321 428; x_wconf 88' lang='lat' dir='ltr'><strong>aliquam</strong></span> <span class='ocrx_word' id='word_1_5' title='bbox 348 351 471 428; x_wconf 85' lang='lat' dir='ltr'><strong>mereri,</strong></span> <span class='ocrx_word' id='word_1_6' title='bbox 502 351 554 410; x_wconf 87' lang='lat' dir='ltr'><strong>sed</strong></span> <span class='ocrx_word' id='word_1_7' title='bbox 582 369 739 427; x_wconf 76' lang='lat' dir='ltr'><strong>superasse</strong></span> <span class='ocrx_word' id='word_1_8' title='bbox 767 351 858 411; x_wconf 88' lang='lat' dir='ltr'><strong>etiam</strong></span> <span class='ocrx_word' id='word_1_9' title='bbox 888 352 1074 428; x_wconf 87' lang='lat' dir='ltr'><strong>aliquantum</strong></span> 
     </span>
     <span class='ocr_line' id='line_1_3' title="bbox 113 440 1074 529; baseline 0.002 -22"><span class='ocrx_word' id='word_1_10' title='bbox 113 447 257 509; x_wconf 83' lang='lat' dir='ltr'><strong>Gronorii</strong></span> <span class='ocrx_word' id='word_1_11' title='bbox 280 451 310 508; x_wconf 91' lang='lat' dir='ltr'><strong>et</strong></span> <span class='ocrx_word' id='word_1_12' title='bbox 329 447 474 508; x_wconf 91' lang='lat' dir='ltr'><strong>Obrechti</strong></span> <span class='ocrx_word' id='word_1_13' title='bbox 497 448 641 508; x_wconf 70' lang='lat' dir='ltr'><strong>editiones</strong></span> <span class='ocrx_word' id='word_1_14' title='bbox 666 440 757 529; x_wconf 87' lang='lat' dir='ltr'><strong>(quae</strong></span> <span class='ocrx_word' id='word_1_15' title='bbox 777 453 856 509; x_wconf 88' lang='lat' dir='ltr'><strong>certe</strong></span> <span class='ocrx_word' id='word_1_16' title='bbox 874 449 928 508; x_wconf 89' lang='lat' dir='ltr'><strong>illa</strong></span> <span class='ocrx_word' id='word_1_17' title='bbox 945 450 1074 509; x_wconf 87' lang='lat' dir='ltr'><strong>maxime</strong></span> 
     </span>
     <span class='ocr_line' id='line_1_4' title="bbox 110 537 759 627; baseline 0 -21"><span class='ocrx_word' id='word_1_18' title='bbox 110 546 239 623; x_wconf 81' lang='lat' dir='ltr'><strong>vulgata</strong></span> <span class='ocrx_word' id='word_1_19' title='bbox 262 546 487 605; x_wconf 88' lang='lat' dir='ltr'><strong>Burmanniana</strong></span> <span class='ocrx_word' id='word_1_20' title='bbox 510 547 641 621; x_wconf 86' lang='lat' dir='ltr'><strong>potiores</strong></span> <span class='ocrx_word' id='word_1_21' title='bbox 665 537 759 627; x_wconf 85' lang='lat' dir='ltr'><strong>sunt).</strong></span> 
     </span>
    </p>

    <p class='ocr_par' dir='ltr' id='par_1_3' title="bbox 111 643 1076 1014">
     <span class='ocr_line' id='line_1_5' title="bbox 178 643 1074 721; baseline 0.001 -20"><span class='ocrx_word' id='word_1_22' title='bbox 178 643 312 702; x_wconf 83' lang='lat' dir='ltr'>Adhibui</span> <span class='ocrx_word' id='word_1_23' title='bbox 333 643 365 702; x_wconf 93' lang='lat' dir='ltr'><strong>in</strong></span> <span class='ocrx_word' id='word_1_24' title='bbox 387 661 488 701; x_wconf 91' lang='lat' dir='ltr'><strong>meum</strong></span> <span class='ocrx_word' id='word_1_25' title='bbox 506 661 594 702; x_wconf 88' lang='lat' dir='ltr'><strong>usum</strong></span> <span class='ocrx_word' id='word_1_26' title='bbox 614 661 704 720; x_wconf 89' lang='lat' dir='ltr'><strong>qnam</strong></span> <span class='ocrx_word' id='word_1_27' title='bbox 724 643 952 721; x_wconf 83' lang='lat' dir='ltr'><strong>diligentissime</strong></span> <span class='ocrx_word' id='word_1_28' title='bbox 971 662 1074 703; x_wconf 86' lang='lat' dir='ltr'><strong>eorum</strong></span> 
     </span>
     <span class='ocr_line' id='line_1_6' title="bbox 111 740 1075 816; baseline 0 -16"><span class='ocrx_word' id='word_1_29' title='bbox 111 741 259 808; x_wconf 90' lang='lat' dir='ltr'><strong>omnium,</strong></span> <span class='ocrx_word' id='word_1_30' title='bbox 298 741 351 816; x_wconf 90' lang='lat' dir='ltr'><strong>qui</strong></span> <span class='ocrx_word' id='word_1_31' title='bbox 387 740 502 816; x_wconf 86' lang='lat' dir='ltr'><strong>priores</strong></span> <span class='ocrx_word' id='word_1_32' title='bbox 534 759 656 816; x_wconf 80' lang='lat' dir='ltr'><strong>operam</strong></span> <span class='ocrx_word' id='word_1_33' title='bbox 689 759 774 799; x_wconf 89' lang='lat' dir='ltr'><strong>snam</strong></span> <span class='ocrx_word' id='word_1_34' title='bbox 808 741 1075 801; x_wconf 73' lang='lat' dir='ltr'><strong>declamationibus</strong></span> 
     </span>
     <span class='ocr_line' id='line_1_7' title="bbox 111 837 1075 915; baseline 0 -17"><span class='ocrx_word' id='word_1_35' title='bbox 111 838 265 911; x_wconf 86' lang='lat' dir='ltr'><strong>dederant,</strong></span> <span class='ocrx_word' id='word_1_36' title='bbox 288 841 385 915; x_wconf 85' lang='lat' dir='ltr'><strong>notas,</strong></span> <span class='ocrx_word' id='word_1_37' title='bbox 407 837 566 913; x_wconf 90' lang='lat' dir='ltr'><strong>praecipue</strong></span> <span class='ocrx_word' id='word_1_38' title='bbox 588 858 659 898; x_wconf 84' lang='lat' dir='ltr'><strong>vero</strong></span> <span class='ocrx_word' id='word_1_39' title='bbox 683 838 718 898; x_wconf 86' lang='grc' dir='ltr'><strong>Ε.</strong></span> <span class='ocrx_word' id='word_1_40' title='bbox 737 838 846 898; x_wconf 90' lang='lat' dir='ltr'><strong>Rohdii</strong></span> <span class='ocrx_word' id='word_1_41' title='bbox 869 839 989 898; x_wconf 90' lang='lat' dir='ltr'><strong>adiutus</strong></span> <span class='ocrx_word' id='word_1_42' title='bbox 1008 858 1075 898; x_wconf 88' lang='lat' dir='ltr'><strong>sum</strong></span> 
     </span>
     <span class='ocr_line' id='line_1_8' title="bbox 112 927 1076 1014; baseline -0.001 -19"><span class='ocrx_word' id='word_1_43' title='bbox 112 927 430 1014; x_wconf 81' lang='lat' dir='ltr'><strong>observationibua*),</strong></span> <span class='ocrx_word' id='word_1_44' title='bbox 458 951 532 1011; x_wconf 90' lang='lat' dir='ltr'><strong>quas</strong></span> <span class='ocrx_word' id='word_1_45' title='bbox 560 935 768 995; x_wconf 89' lang='lat' dir='ltr'><strong>liberalissime</strong></span> <span class='ocrx_word' id='word_1_46' title='bbox 796 936 870 994; x_wconf 91' lang='lat' dir='ltr'><strong>mihi</strong></span> <span class='ocrx_word' id='word_1_47' title='bbox 898 936 1076 1011; x_wconf 76' lang='lat' dir='ltr'><strong>permiserat</strong></span> 
     </span>
    </p>
   </div>
   <div class='ocr_carea' id='block_1_3' title="bbox 112 1032 1190 1110">
    <p class='ocr_par' dir='ltr' id='par_1_4' title="bbox 112 1032 1190 1110">
     <span class='ocr_line' id='line_1_9' title="bbox 112 1032 1190 1110; baseline -0.002 -17"><span class='ocrx_word' id='word_1_48' title='bbox 112 1037 177 1093; x_wconf 86' lang='lat' dir='ltr'><strong>tam</strong></span> <span class='ocrx_word' id='word_1_49' title='bbox 199 1033 380 1110; x_wconf 85' lang='lat' dir='ltr'><strong>frequentes,</strong></span> <span class='ocrx_word' id='word_1_50' title='bbox 398 1032 502 1091; x_wconf 79' lang='lat' dir='ltr'><strong>utrix</strong></span> <span class='ocrx_word' id='word_1_51' title='bbox 520 1032 611 1091; x_wconf 86' lang='lat' dir='ltr'><strong>ullam</strong></span> <span class='ocrx_word' id='word_1_52' title='bbox 631 1032 773 1108; x_wconf 88' lang='lat' dir='ltr'><strong>paginam</strong></span> <span class='ocrx_word' id='word_1_53' title='bbox 791 1033 889 1108; x_wconf 83' lang='lat' dir='ltr'><strong>possis</strong></span> <span class='ocrx_word' id='word_1_54' title='bbox 907 1033 1073 1110; x_wconf 83' lang='lat' dir='ltr'><strong>perlegere,</strong></span> <span class='ocrx_word' id='word_1_55' title='bbox 1187 1079 1190 1083; x_wconf 82' lang='lat'><strong>.</strong></span> 
     </span>
    </p>
   </div>
   <div class='ocr_carea' id='block_1_4' title="bbox 111 1129 1077 2571">
    <p class='ocr_par' dir='ltr' id='par_1_5' title="bbox 111 1129 1075 1691">
     <span class='ocr_line' id='line_1_10' title="bbox 113 1129 1073 1206; baseline 0 -18"><span class='ocrx_word' id='word_1_56' title='bbox 113 1131 197 1189; x_wconf 89' lang='lat' dir='ltr'><strong>ouius</strong></span> <span class='ocrx_word' id='word_1_57' title='bbox 220 1147 280 1189; x_wconf 90' lang='lat' dir='ltr'><strong>non</strong></span> <span class='ocrx_word' id='word_1_58' title='bbox 301 1129 385 1188; x_wconf 91' lang='lat' dir='ltr'><strong>locus</strong></span> <span class='ocrx_word' id='word_1_59' title='bbox 408 1147 485 1188; x_wconf 91' lang='lat' dir='ltr'><strong>unus</strong></span> <span class='ocrx_word' id='word_1_60' title='bbox 509 1133 563 1188; x_wconf 93' lang='lat' dir='ltr'><strong>aut</strong></span> <span class='ocrx_word' id='word_1_61' title='bbox 589 1131 681 1204; x_wconf 88' lang='lat' dir='ltr'><strong>alter,</strong></span> <span class='ocrx_word' id='word_1_62' title='bbox 708 1131 867 1205; x_wconf 89' lang='lat' dir='ltr'><strong>corruptus</strong></span> <span class='ocrx_word' id='word_1_63' title='bbox 897 1130 947 1190; x_wconf 82' lang='lat' dir='ltr'><strong>vel</strong></span> <span class='ocrx_word' id='word_1_64' title='bbox 969 1131 1073 1206; x_wconf 90' lang='lat' dir='ltr'><strong>despe-</strong></span> 
     </span>
     <span class='ocr_line' id='line_1_11' title="bbox 111 1226 1074 1305; baseline 0 -19"><span class='ocrx_word' id='word_1_65' title='bbox 111 1231 196 1286; x_wconf 87' lang='lat' dir='ltr'><strong>ratus</strong></span> <span class='ocrx_word' id='word_1_66' title='bbox 230 1227 333 1305; x_wconf 86' lang='lat' dir='ltr'><strong>antea,</strong></span> <span class='ocrx_word' id='word_1_67' title='bbox 365 1226 524 1289; x_wconf 86' lang='lat' dir='ltr'><strong>restitutus</strong></span> <span class='ocrx_word' id='word_1_68' title='bbox 557 1232 588 1286; x_wconf 88' lang='lat' dir='ltr'><strong>et</strong></span> <span class='ocrx_word' id='word_1_69' title='bbox 620 1227 797 1303; x_wconf 80' lang='lat' dir='ltr'><strong>explanatus</strong></span> <span class='ocrx_word' id='word_1_70' title='bbox 828 1227 869 1286; x_wconf 90' lang='lat' dir='ltr'><strong>sit</strong></span> <span class='ocrx_word' id='word_1_71' title='bbox 897 1227 979 1286; x_wconf 91' lang='lat' dir='ltr'><strong>illius</strong></span> <span class='ocrx_word' id='word_1_72' title='bbox 1015 1228 1074 1287; x_wconf 85' lang='lat' dir='ltr'><strong>riri</strong></span> 
     </span>
     <span class='ocr_line' id='line_1_12' title="bbox 112 1323 1073 1402; baseline 0.001 -19"><span class='ocrx_word' id='word_1_73' title='bbox 112 1324 287 1383; x_wconf 85' lang='lat' dir='ltr'><strong>felicissima</strong></span> <span class='ocrx_word' id='word_1_74' title='bbox 317 1326 348 1382; x_wconf 90' lang='lat' dir='ltr'><strong>et</strong></span> <span class='ocrx_word' id='word_1_75' title='bbox 378 1323 494 1383; x_wconf 82' lang='lat' dir='ltr'><strong>illustri</strong></span> <span class='ocrx_word' id='word_1_76' title='bbox 525 1324 741 1384; x_wconf 81' lang='lat' dir='ltr'><strong>emendatione.</strong></span> <span class='ocrx_word' id='word_1_77' title='bbox 787 1324 833 1383; x_wconf 88' lang='lat' dir='ltr'><strong>Ne</strong></span> <span class='ocrx_word' id='word_1_78' title='bbox 860 1325 925 1400; x_wconf 91' lang='lat' dir='ltr'><strong>ipse</strong></span> <span class='ocrx_word' id='word_1_79' title='bbox 954 1325 1073 1402; x_wconf 90' lang='lat' dir='ltr'><strong>quidem</strong></span> 
     </span>
     <span class='ocr_line' id='line_1_13' title="bbox 111 1420 1074 1497; baseline 0.001 -18"><span class='ocrx_word' id='word_1_80' title='bbox 111 1421 186 1480; x_wconf 91' lang='lat' dir='ltr'><strong>mihi</strong></span> <span class='ocrx_word' id='word_1_81' title='bbox 217 1421 321 1481; x_wconf 84' lang='lat' dir='ltr'><strong>videor</strong></span> <span class='ocrx_word' id='word_1_82' title='bbox 352 1420 547 1480; x_wconf 85' lang='lat' dir='ltr'><strong>restituendis</strong></span> <span class='ocrx_word' id='word_1_83' title='bbox 575 1422 674 1482; x_wconf 82' lang='lat' dir='ltr'><strong>verbis</strong></span> <span class='ocrx_word' id='word_1_84' title='bbox 707 1440 829 1497; x_wconf 90' lang='lat' dir='ltr'><strong>prorsus</strong></span> <span class='ocrx_word' id='word_1_85' title='bbox 857 1422 987 1481; x_wconf 87' lang='lat' dir='ltr'><strong>defuisse</strong></span> <span class='ocrx_word' id='word_1_86' title='bbox 1019 1440 1074 1481; x_wconf 92' lang='lat' dir='ltr'><strong>nec</strong></span> 
     </span>
     <span class='ocr_line' id='line_1_14' title="bbox 112 1519 1075 1596; baseline 0.002 -20"><span class='ocrx_word' id='word_1_87' title='bbox 112 1519 198 1577; x_wconf 83' lang='lat' dir='ltr'><strong>milla</strong></span> <span class='ocrx_word' id='word_1_88' title='bbox 221 1537 333 1591; x_wconf 86' lang='lat' dir='ltr'><strong>eorum,</strong></span> <span class='ocrx_word' id='word_1_89' title='bbox 357 1536 434 1594; x_wconf 90' lang='lat' dir='ltr'><strong>quae</strong></span> <span class='ocrx_word' id='word_1_90' title='bbox 456 1537 578 1577; x_wconf 92' lang='lat' dir='ltr'><strong>manum</strong></span> <span class='ocrx_word' id='word_1_91' title='bbox 601 1519 833 1578; x_wconf 85' lang='lat' dir='ltr'><strong>emendatricem</strong></span> <span class='ocrx_word' id='word_1_92' title='bbox 848 1520 1075 1596; x_wconf 81' lang='lat' dir='ltr'><strong>exspectabant,</strong></span> 
     </span>
     <span class='ocr_line' id='line_1_15' title="bbox 114 1616 608 1691; baseline 0.002 -17"><span class='ocrx_word' id='word_1_93' title='bbox 114 1616 260 1691; x_wconf 86' lang='lat' dir='ltr'><strong>pristinae</strong></span> <span class='ocrx_word' id='word_1_94' title='bbox 283 1616 408 1674; x_wconf 86' lang='lat' dir='ltr'><strong>sanitati</strong></span> <span class='ocrx_word' id='word_1_95' title='bbox 430 1616 608 1676; x_wconf 87' lang='lat' dir='ltr'><strong>restituisse.</strong></span> 
     </span>
    </p>

    <p class='ocr_par' dir='ltr' id='par_1_6' title="bbox 112 1712 1077 2571">
     <span class='ocr_line' id='line_1_16' title="bbox 181 1712 1074 1792; baseline 0.003 -21"><span class='ocrx_word' id='word_1_96' title='bbox 181 1712 351 1772; x_wconf 79' lang='lat' dir='ltr'><strong>Perfectum</strong></span> <span class='ocrx_word' id='word_1_97' title='bbox 370 1731 430 1773; x_wconf 94' lang='lat' dir='ltr'><strong>non</strong></span> <span class='ocrx_word' id='word_1_98' title='bbox 449 1732 514 1773; x_wconf 91' lang='lat' dir='ltr'><strong>esse</strong></span> <span class='ocrx_word' id='word_1_99' title='bbox 534 1732 609 1790; x_wconf 91' lang='lat' dir='ltr'><strong>opus</strong></span> <span class='ocrx_word' id='word_1_100' title='bbox 628 1715 739 1790; x_wconf 91' lang='lat' dir='ltr'><strong>optime</strong></span> <span class='ocrx_word' id='word_1_101' title='bbox 753 1715 818 1791; x_wconf 92' lang='lat' dir='ltr'><strong>ipse</strong></span> <span class='ocrx_word' id='word_1_102' title='bbox 832 1715 983 1792; x_wconf 82' lang='lat' dir='ltr'><strong>intellego.</strong></span> <span class='ocrx_word' id='word_1_103' title='bbox 1016 1715 1074 1774; x_wconf 82' lang='lat' dir='ltr'><strong>Ex-</strong></span> 
     </span>
     <span class='ocr_line' id='line_1_17' title="bbox 112 1811 1075 1889; baseline 0.003 -20"><span class='ocrx_word' id='word_1_104' title='bbox 112 1811 261 1869; x_wconf 88' lang='lat' dir='ltr'><strong>eusationi</strong></span> <span class='ocrx_word' id='word_1_105' title='bbox 283 1812 385 1868; x_wconf 87' lang='lat' dir='ltr'><strong>tamen</strong></span> <span class='ocrx_word' id='word_1_106' title='bbox 408 1811 448 1870; x_wconf 89' lang='lat' dir='ltr'><strong>sit</strong></span> <span class='ocrx_word' id='word_1_107' title='bbox 470 1811 561 1873; x_wconf 89' lang='lat' dir='ltr'><strong>etiam</strong></span> <span class='ocrx_word' id='word_1_108' title='bbox 584 1811 646 1885; x_wconf 90' lang='lat' dir='ltr'><strong>illa,</strong></span> <span class='ocrx_word' id='word_1_109' title='bbox 665 1812 701 1871; x_wconf 89' lang='lat' dir='ltr'><strong>de</strong></span> <span class='ocrx_word' id='word_1_110' title='bbox 721 1831 779 1889; x_wconf 91' lang='lat' dir='ltr'><strong>qua</strong></span> <span class='ocrx_word' id='word_1_111' title='bbox 798 1813 940 1887; x_wconf 87' lang='lat' dir='ltr'><strong>disserui,</strong></span> <span class='ocrx_word' id='word_1_112' title='bbox 960 1816 1075 1872; x_wconf 88' lang='lat' dir='ltr'><strong>contro-</strong></span> 
     </span>
     <span class='ocr_line' id='line_1_18' title="bbox 112 1893 1075 1987; baseline 0.004 -22"><span class='ocrx_word' id='word_1_113' title='bbox 112 1908 280 1966; x_wconf 86' lang='lat' dir='ltr'><strong>versiarum</strong></span> <span class='ocrx_word' id='word_1_114' title='bbox 303 1893 401 1967; x_wconf 83' lang='lat' dir='ltr'><strong>forma</strong></span> <span class='ocrx_word' id='word_1_115' title='bbox 424 1927 483 1967; x_wconf 92' lang='lat' dir='ltr'><strong>non</strong></span> <span class='ocrx_word' id='word_1_116' title='bbox 505 1909 706 1984; x_wconf 85' lang='lat' dir='ltr'><strong>perfectarum</strong></span> <span class='ocrx_word' id='word_1_117' title='bbox 732 1929 786 1969; x_wconf 91' lang='lat' dir='ltr'><strong>nec</strong></span> <span class='ocrx_word' id='word_1_118' title='bbox 808 1911 896 1987; x_wconf 89' lang='lat' dir='ltr'><strong>plene</strong></span> <span class='ocrx_word' id='word_1_119' title='bbox 915 1911 1075 1986; x_wconf 87' lang='lat' dir='ltr'><strong>explicata·</strong></span> 
     </span>
     <span class='ocr_line' id='line_1_19' title="bbox 113 2005 1075 2083; baseline 0.003 -20"><span class='ocrx_word' id='word_1_120' title='bbox 113 2024 190 2072; x_wconf 87' lang='lat' dir='ltr'><strong>rum,</strong></span> <span class='ocrx_word' id='word_1_121' title='bbox 210 2005 263 2064; x_wconf 88' lang='lat' dir='ltr'><strong>sed</strong></span> <span class='ocrx_word' id='word_1_122' title='bbox 281 2005 386 2080; x_wconf 91' lang='lat' dir='ltr'><strong>primis</strong></span> <span class='ocrx_word' id='word_1_123' title='bbox 400 2007 519 2064; x_wconf 88' lang='lat' dir='ltr'><strong>tantum</strong></span> <span class='ocrx_word' id='word_1_124' title='bbox 534 2006 619 2065; x_wconf 91' lang='lat' dir='ltr'><strong>lineis</strong></span> <span class='ocrx_word' id='word_1_125' title='bbox 634 2006 934 2083; x_wconf 88' lang='lat' dir='ltr'><strong>circumscriptarum.</strong></span> <span class='ocrx_word' id='word_1_126' title='bbox 967 2008 1075 2066; x_wconf 87' lang='lat' dir='ltr'><strong>Aliena</strong></span> 
     </span>
     <span class='ocr_line' id='line_1_20' title="bbox 115 2101 1076 2180; baseline 0.002 -20"><span class='ocrx_word' id='word_1_127' title='bbox 115 2102 194 2160; x_wconf 89' lang='lat' dir='ltr'><strong>enim</strong></span> <span class='ocrx_word' id='word_1_128' title='bbox 208 2101 324 2162; x_wconf 88' lang='lat' dir='ltr'><strong>urbano</strong></span> <span class='ocrx_word' id='word_1_129' title='bbox 339 2105 370 2161; x_wconf 88' lang='lat' dir='ltr'><strong>et</strong></span> <span class='ocrx_word' id='word_1_130' title='bbox 385 2102 554 2178; x_wconf 87' lang='lat' dir='ltr'><strong>expolitiori</strong></span> <span class='ocrx_word' id='word_1_131' title='bbox 568 2104 698 2162; x_wconf 89' lang='lat' dir='ltr'><strong>sermoni</strong></span> <span class='ocrx_word' id='word_1_132' title='bbox 710 2123 776 2180; x_wconf 80' lang='lat' dir='ltr'><strong>vox,</strong></span> <span class='ocrx_word' id='word_1_133' title='bbox 796 2105 894 2163; x_wconf 90' lang='lat' dir='ltr'><strong>minus</strong></span> <span class='ocrx_word' id='word_1_134' title='bbox 914 2103 1076 2180; x_wconf 84' lang='lat' dir='ltr'><strong>diligenter</strong></span> 
     </span>
     <span class='ocr_line' id='line_1_21' title="bbox 113 2198 1076 2276; baseline 0.003 -19"><span class='ocrx_word' id='word_1_135' title='bbox 113 2201 261 2275; x_wconf 87' lang='lat' dir='ltr'><strong>usurpata</strong></span> <span class='ocrx_word' id='word_1_136' title='bbox 283 2198 386 2274; x_wconf 88' lang='lat' dir='ltr'><strong>dictio,</strong></span> <span class='ocrx_word' id='word_1_137' title='bbox 414 2200 564 2259; x_wconf 89' lang='lat' dir='ltr'><strong>sententia</strong></span> <span class='ocrx_word' id='word_1_138' title='bbox 591 2218 652 2259; x_wconf 92' lang='lat' dir='ltr'><strong>non</strong></span> <span class='ocrx_word' id='word_1_139' title='bbox 678 2202 767 2276; x_wconf 88' lang='lat' dir='ltr'><strong>plane</strong></span> <span class='ocrx_word' id='word_1_140' title='bbox 795 2220 848 2260; x_wconf 90' lang='lat' dir='ltr'><strong>suo</strong></span> <span class='ocrx_word' id='word_1_141' title='bbox 876 2203 940 2261; x_wconf 91' lang='lat' dir='ltr'><strong>loco</strong></span> <span class='ocrx_word' id='word_1_142' title='bbox 967 2201 1076 2276; x_wconf 87' lang='lat' dir='ltr'><strong>posita,</strong></span> 
     </span>
     <span class='ocr_line' id='line_1_22' title="bbox 114 2295 1074 2375; baseline 0.005 -22"><span class='ocrx_word' id='word_1_143' title='bbox 114 2313 193 2371; x_wconf 87' lang='lat' dir='ltr'><strong>quae</strong></span> <span class='ocrx_word' id='word_1_144' title='bbox 215 2295 246 2353; x_wconf 95' lang='lat' dir='ltr'><strong>in</strong></span> <span class='ocrx_word' id='word_1_145' title='bbox 270 2300 412 2356; x_wconf 88' lang='lat' dir='ltr'><strong>exornato</strong></span> <span class='ocrx_word' id='word_1_146' title='bbox 436 2315 524 2372; x_wconf 89' lang='lat' dir='ltr'><strong>opere</strong></span> <span class='ocrx_word' id='word_1_147' title='bbox 548 2298 715 2357; x_wconf 85' lang='lat' dir='ltr'><strong>certissima</strong></span> <span class='ocrx_word' id='word_1_148' title='bbox 734 2299 821 2375; x_wconf 78' lang='lat' dir='ltr'><strong>signa</strong></span> <span class='ocrx_word' id='word_1_149' title='bbox 840 2303 942 2359; x_wconf 90' lang='lat' dir='ltr'><strong>essent</strong></span> <span class='ocrx_word' id='word_1_150' title='bbox 960 2299 1074 2358; x_wconf 87' lang='lat' dir='ltr'><strong>turbati</strong></span> 
     </span>
     <span class='ocr_line' id='line_1_23' title="bbox 114 2392 1074 2475; baseline 0.005 -24"><span class='ocrx_word' id='word_1_151' title='bbox 114 2392 192 2469; x_wconf 87' lang='lat' dir='ltr'><strong>stili,</strong></span> <span class='ocrx_word' id='word_1_152' title='bbox 214 2394 314 2454; x_wconf 88' lang='lat' dir='ltr'><strong>nescio</strong></span> <span class='ocrx_word' id='word_1_153' title='bbox 338 2413 376 2453; x_wconf 91' lang='lat' dir='ltr'><strong>an</strong></span> <span class='ocrx_word' id='word_1_154' title='bbox 399 2395 448 2454; x_wconf 89' lang='lat' dir='ltr'><strong>hie</strong></span> <span class='ocrx_word' id='word_1_155' title='bbox 469 2396 593 2470; x_wconf 90' lang='lat' dir='ltr'><strong>paulum</strong></span> <span class='ocrx_word' id='word_1_156' title='bbox 612 2397 783 2456; x_wconf 85' lang='lat' dir='ltr'><strong>offensionis</strong></span> <span class='ocrx_word' id='word_1_157' title='bbox 801 2397 949 2475; x_wconf 79' lang='lat' dir='ltr'><strong>habeant3</strong></span> <span class='ocrx_word' id='word_1_158' title='bbox 972 2400 1074 2456; x_wconf 88' lang='lat' dir='ltr'><strong>tamen</strong></span> 
     </span>
     <span class='ocr_line' id='line_1_24' title="bbox 114 2492 1077 2571; baseline 0.003 -22"><span class='ocrx_word' id='word_1_159' title='bbox 114 2509 270 2566; x_wconf 88' lang='lat' dir='ltr'><strong>quousque</strong></span> <span class='ocrx_word' id='word_1_160' title='bbox 287 2492 439 2566; x_wconf 79' lang='lat' dir='ltr'><strong>pertinere</strong></span> <span class='ocrx_word' id='word_1_161' title='bbox 457 2494 554 2568; x_wconf 91' lang='lat' dir='ltr'><strong>possit</strong></span> <span class='ocrx_word' id='word_1_162' title='bbox 572 2494 768 2571; x_wconf 80' lang='lat' dir='ltr'><strong>neglegentia</strong></span> <span class='ocrx_word' id='word_1_163' title='bbox 795 2496 953 2569; x_wconf 90' lang='lat' dir='ltr'><strong>sermonis,</strong></span> <span class='ocrx_word' id='word_1_164' title='bbox 975 2495 1020 2553; x_wconf 85' lang='lat' dir='ltr'><strong>ita</strong></span> <span class='ocrx_word' id='word_1_165' title='bbox 1042 2498 1077 2553; x_wconf 89' lang='lat' dir='ltr'><strong>ut</strong></span> 
     </span>
    </p>
   </div>
   <div class='ocr_carea' id='block_1_5' title="bbox 113 2588 1160 2664">
    <p class='ocr_par' dir='ltr' id='par_1_7' title="bbox 113 2588 1160 2664">
     <span class='ocr_line' id='line_1_25' title="bbox 113 2588 1160 2664; baseline 0.002 -16"><span class='ocrx_word' id='word_1_166' title='bbox 113 2605 174 2648; x_wconf 89' lang='lat' dir='ltr'><strong>non</strong></span> <span class='ocrx_word' id='word_1_167' title='bbox 206 2588 324 2647; x_wconf 85' lang='lat' dir='ltr'><strong>desinat</strong></span> <span class='ocrx_word' id='word_1_168' title='bbox 351 2590 471 2648; x_wconf 92' lang='lat' dir='ltr'><strong>omnino</strong></span> <span class='ocrx_word' id='word_1_169' title='bbox 504 2608 568 2649; x_wconf 89' lang='lat' dir='ltr'><strong>esse</strong></span> <span class='ocrx_word' id='word_1_170' title='bbox 596 2591 736 2664; x_wconf 89' lang='lat' dir='ltr'><strong>Latinus,</strong></span> <span class='ocrx_word' id='word_1_171' title='bbox 768 2590 853 2650; x_wconf 86' lang='lat' dir='ltr'><strong>brevi</strong></span> <span class='ocrx_word' id='word_1_172' title='bbox 878 2592 1011 2651; x_wconf 88' lang='lat' dir='ltr'><strong>incuriae</strong></span> <span class='ocrx_word' id='word_1_173' title='bbox 1044 2594 1075 2650; x_wconf 92' lang='lat' dir='ltr'><strong>et</strong></span> <span class='ocrx_word' id='word_1_174' title='bbox 1157 2613 1160 2616; x_wconf 94' lang='lat'>·</span> 
     </span>
    </p>
   </div>
   <div class='ocr_carea' id='block_1_6' title="bbox 112 2684 1077 3404">
    <p class='ocr_par' dir='ltr' id='par_1_8' title="bbox 112 2684 1077 3251">
     <span class='ocr_line' id='line_1_26' title="bbox 112 2684 1077 2764; baseline 0.002 -20"><span class='ocrx_word' id='word_1_175' title='bbox 112 2684 247 2760; x_wconf 87' lang='lat' dir='ltr'><strong>ineptiae</strong></span> <span class='ocrx_word' id='word_1_176' title='bbox 270 2685 411 2761; x_wconf 85' lang='lat' dir='ltr'><strong>confinio,</strong></span> <span class='ocrx_word' id='word_1_177' title='bbox 440 2687 476 2746; x_wconf 90' lang='lat' dir='ltr'><strong>de</strong></span> <span class='ocrx_word' id='word_1_178' title='bbox 505 2706 540 2746; x_wconf 90' lang='lat' dir='ltr'><strong>ea</strong></span> <span class='ocrx_word' id='word_1_179' title='bbox 563 2706 609 2761; x_wconf 88' lang='lat' dir='ltr'><strong>re,</strong></span> <span class='ocrx_word' id='word_1_180' title='bbox 632 2690 719 2764; x_wconf 78' lang='lat' dir='ltr'><strong>puto,</strong></span> <span class='ocrx_word' id='word_1_181' title='bbox 751 2688 805 2747; x_wconf 85' lang='lat' dir='ltr'><strong>viri</strong></span> <span class='ocrx_word' id='word_1_182' title='bbox 835 2687 915 2749; x_wconf 89' lang='lat' dir='ltr'><strong>docti</strong></span> <span class='ocrx_word' id='word_1_183' title='bbox 942 2689 1077 2764; x_wconf 90' lang='lat' dir='ltr'><strong>aliquan-</strong></span> 
     </span>
     <span class='ocr_line' id='line_1_27' title="bbox 112 2781 1077 2860; baseline 0.001 -18"><span class='ocrx_word' id='word_1_184' title='bbox 112 2786 180 2842; x_wconf 87' lang='lat' dir='ltr'><strong>tum</strong></span> <span class='ocrx_word' id='word_1_185' title='bbox 216 2781 307 2855; x_wconf 50' lang='lat' dir='ltr'><strong>inter,</strong></span> <span class='ocrx_word' id='word_1_186' title='bbox 332 2801 364 2844; x_wconf 89' lang='lat' dir='ltr'><strong>se</strong></span> <span class='ocrx_word' id='word_1_187' title='bbox 402 2783 587 2844; x_wconf 86' lang='lat' dir='ltr'><strong>dissentient.</strong></span> <span class='ocrx_word' id='word_1_188' title='bbox 640 2784 765 2860; x_wconf 84' lang='lat' dir='ltr'><strong>Saepius</strong></span> <span class='ocrx_word' id='word_1_189' title='bbox 805 2785 896 2844; x_wconf 87' lang='lat' dir='ltr'><strong>etiam</strong></span> <span class='ocrx_word' id='word_1_190' title='bbox 932 2785 964 2844; x_wconf 90' lang='lat' dir='ltr'><strong>in</strong></span> <span class='ocrx_word' id='word_1_191' title='bbox 1002 2785 1077 2844; x_wconf 88' lang='lat' dir='ltr'><strong>sale-</strong></span> 
     </span>
     <span class='ocr_line' id='line_1_28' title="bbox 113 2881 1077 2957; baseline 0.001 -17"><span class='ocrx_word' id='word_1_192' title='bbox 113 2882 205 2941; x_wconf 89' lang='lat' dir='ltr'><strong>broso</strong></span> <span class='ocrx_word' id='word_1_193' title='bbox 228 2881 280 2940; x_wconf 93' lang='lat' dir='ltr'><strong>illo</strong></span> <span class='ocrx_word' id='word_1_194' title='bbox 300 2881 370 2941; x_wconf 90' lang='lat' dir='ltr'><strong>stilo</strong></span> <span class='ocrx_word' id='word_1_195' title='bbox 389 2883 490 2957; x_wconf 87' lang='lat' dir='ltr'><strong>potest</strong></span> <span class='ocrx_word' id='word_1_196' title='bbox 513 2883 544 2941; x_wconf 91' lang='lat' dir='ltr'><strong>in</strong></span> <span class='ocrx_word' id='word_1_197' title='bbox 567 2882 802 2943; x_wconf 88' lang='lat' dir='ltr'><strong>controversiam</strong></span> <span class='ocrx_word' id='word_1_198' title='bbox 821 2882 931 2956; x_wconf 75' lang='lat' dir='ltr'><strong>vocam,</strong></span> <span class='ocrx_word' id='word_1_199' title='bbox 954 2901 994 2941; x_wconf 89' lang='lat' dir='ltr'><strong>an</strong></span> <span class='ocrx_word' id='word_1_200' title='bbox 1012 2901 1077 2942; x_wconf 91' lang='lat' dir='ltr'><strong>sen·</strong></span> 
     </span>
     <span class='ocr_line' id='line_1_29' title="bbox 114 2978 1077 3057; baseline 0.001 -20"><span class='ocrx_word' id='word_1_201' title='bbox 114 2979 212 3038; x_wconf 88' lang='lat' dir='ltr'><strong>tentia</strong></span> <span class='ocrx_word' id='word_1_202' title='bbox 235 2978 336 3055; x_wconf 88' lang='lat' dir='ltr'><strong>aliqua</strong></span> <span class='ocrx_word' id='word_1_203' title='bbox 359 2979 455 3038; x_wconf 88' lang='lat' dir='ltr'><strong>artius</strong></span> <span class='ocrx_word' id='word_1_204' title='bbox 478 2979 638 3039; x_wconf 85' lang='lat' dir='ltr'><strong>cohaereat</strong></span> <span class='ocrx_word' id='word_1_205' title='bbox 660 2998 726 3038; x_wconf 89' lang='lat' dir='ltr'><strong>cum</strong></span> <span class='ocrx_word' id='word_1_206' title='bbox 752 2981 864 3057; x_wconf 87' lang='lat' dir='ltr'><strong>priore,</strong></span> <span class='ocrx_word' id='word_1_207' title='bbox 892 2999 931 3039; x_wconf 91' lang='lat' dir='ltr'><strong>au</strong></span> <span class='ocrx_word' id='word_1_208' title='bbox 954 2998 1077 3056; x_wconf 85' lang='lat' dir='ltr'><strong>sequen-</strong></span> 
     </span>
     <span class='ocr_line' id='line_1_30' title="bbox 113 3076 1077 3154; baseline 0 -19"><span class='ocrx_word' id='word_1_209' title='bbox 113 3081 177 3135; x_wconf 85' lang='lat' dir='ltr'><strong>tem</strong></span> <span class='ocrx_word' id='word_1_210' title='bbox 204 3076 327 3154; x_wconf 88' lang='lat' dir='ltr'><strong>propius</strong></span> <span class='ocrx_word' id='word_1_211' title='bbox 351 3077 517 3154; x_wconf 85' lang='lat' dir='ltr'><strong>contingat,</strong></span> <span class='ocrx_word' id='word_1_212' title='bbox 544 3096 582 3136; x_wconf 88' lang='lat' dir='ltr'><strong>an</strong></span> <span class='ocrx_word' id='word_1_213' title='bbox 609 3077 764 3152; x_wconf 89' lang='lat' dir='ltr'><strong>proprium</strong></span> <span class='ocrx_word' id='word_1_214' title='bbox 792 3077 905 3154; x_wconf 88' lang='lat' dir='ltr'><strong>aliquid</strong></span> <span class='ocrx_word' id='word_1_215' title='bbox 928 3076 1003 3135; x_wconf 85' lang='lat' dir='ltr'><strong>velit</strong></span> <span class='ocrx_word' id='word_1_216' title='bbox 1030 3095 1077 3135; x_wconf 81' lang='lat' dir='ltr'><strong>ex-</strong></span> 
     </span>
     <span class='ocr_line' id='line_1_31' title="bbox 115 3173 1077 3251; baseline -0.001 -17"><span class='ocrx_word' id='word_1_217' title='bbox 115 3193 238 3251; x_wconf 83' lang='lat' dir='ltr'><strong>ponere;</strong></span> <span class='ocrx_word' id='word_1_218' title='bbox 266 3192 322 3234; x_wconf 92' lang='lat' dir='ltr'><strong>nec</strong></span> <span class='ocrx_word' id='word_1_219' title='bbox 353 3173 452 3234; x_wconf 89' lang='lat' dir='ltr'><strong>minus</strong></span> <span class='ocrx_word' id='word_1_220' title='bbox 481 3178 582 3234; x_wconf 89' lang='lat' dir='ltr'><strong>utrum</strong></span> <span class='ocrx_word' id='word_1_221' title='bbox 610 3174 797 3251; x_wconf 88' lang='lat' dir='ltr'><strong>praeceptori</strong></span> <span class='ocrx_word' id='word_1_222' title='bbox 824 3192 879 3249; x_wconf 88' lang='lat' dir='ltr'><strong>per</strong></span> <span class='ocrx_word' id='word_1_223' title='bbox 910 3192 1077 3234; x_wconf 87' lang='lat' dir='ltr'><strong>sermonem</strong></span> 
     </span>
    </p>

    <p class='ocr_par' dir='ltr' id='par_1_9' title="bbox 188 3333 1077 3404">
     <span class='ocr_line' id='line_1_32' title="bbox 188 3333 1077 3404; baseline 0 -15"><span class='ocrx_word' id='word_1_224' title='bbox 188 3335 215 3403; x_wconf 90' lang='grc'><strong>*)</strong></span> <span class='ocrx_word' id='word_1_225' title='bbox 234 3333 338 3389; x_wconf 81' lang='lat' dir='ltr'><strong>Rohdii</strong></span> <span class='ocrx_word' id='word_1_226' title='bbox 365 3335 540 3391; x_wconf 86' lang='lat' dir='ltr'><strong>coniecturae</strong></span> <span class='ocrx_word' id='word_1_227' title='bbox 565 3333 616 3389; x_wconf 89' lang='lat' dir='ltr'><strong>ubi</strong></span> <span class='ocrx_word' id='word_1_228' title='bbox 639 3334 832 3404; x_wconf 84' lang='lat' dir='ltr'><strong>congruebant</strong></span> <span class='ocrx_word' id='word_1_229' title='bbox 855 3349 918 3386; x_wconf 89' lang='lat' dir='ltr'><strong>eum</strong></span> <span class='ocrx_word' id='word_1_230' title='bbox 942 3333 983 3388; x_wconf 89' lang='lat' dir='ltr'><strong>eis</strong></span> <span class='ocrx_word' id='word_1_231' title='bbox 1006 3351 1077 3403; x_wconf 86' lang='lat' dir='ltr'><strong>quae</strong></span> 
     </span>
    </p>
   </div>
   <div class='ocr_carea' id='block_1_7' title="bbox 117 3403 1078 3547">
    <p class='ocr_par' dir='ltr' id='par_1_10' title="bbox 117 3403 1078 3547">
     <span class='ocr_line' id='line_1_33' title="bbox 117 3403 1078 3475; baseline -0.001 -15"><span class='ocrx_word' id='word_1_232' title='bbox 117 3405 178 3475; x_wconf 89' lang='lat' dir='ltr'><strong>ipse</strong></span> <span class='ocrx_word' id='word_1_233' title='bbox 203 3422 267 3459; x_wconf 87' lang='lat' dir='ltr'><strong>mea</strong></span> <span class='ocrx_word' id='word_1_234' title='bbox 285 3408 384 3474; x_wconf 87' lang='lat' dir='ltr'><strong>sponte</strong></span> <span class='ocrx_word' id='word_1_235' title='bbox 408 3406 437 3460; x_wconf 90' lang='lat' dir='ltr'><strong>in</strong></span> <span class='ocrx_word' id='word_1_236' title='bbox 462 3407 677 3463; x_wconf 87' lang='lat' dir='ltr'><strong>commentarios</strong></span> <span class='ocrx_word' id='word_1_237' title='bbox 698 3419 775 3459; x_wconf 91' lang='lat' dir='ltr'><strong>meos</strong></span> <span class='ocrx_word' id='word_1_238' title='bbox 794 3403 958 3472; x_wconf 82' lang='lat' dir='ltr'><strong>retuleram,</strong></span> <span class='ocrx_word' id='word_1_239' title='bbox 981 3405 1010 3459; x_wconf 92' lang='lat' dir='ltr'><strong>in</strong></span> <span class='ocrx_word' id='word_1_240' title='bbox 1030 3421 1078 3475; x_wconf 81' lang='lat' dir='ltr'><strong>ap·</strong></span> 
     </span>
     <span class='ocr_line' id='line_1_34' title="bbox 117 3475 876 3547; baseline 0 -17"><span class='ocrx_word' id='word_1_241' title='bbox 117 3478 218 3546; x_wconf 83' lang='lat' dir='ltr'><strong>paratu</strong></span> <span class='ocrx_word' id='word_1_242' title='bbox 237 3475 336 3531; x_wconf 87' lang='lat' dir='ltr'><strong>critico</strong></span> <span class='ocrx_word' id='word_1_243' title='bbox 354 3493 410 3531; x_wconf 91' lang='lat' dir='ltr'><strong>non</strong></span> <span class='ocrx_word' id='word_1_244' title='bbox 433 3477 492 3546; x_wconf 84' lang='lat' dir='ltr'><strong>Ro,</strong></span> <span class='ocrx_word' id='word_1_245' title='bbox 516 3477 564 3532; x_wconf 88' lang='lat' dir='ltr'><strong>sed</strong></span> <span class='ocrx_word' id='word_1_246' title='bbox 582 3476 626 3530; x_wconf 86' lang='lat' dir='ltr'><strong>Ro</strong></span> <span class='ocrx_word' id='word_1_247' title='bbox 645 3481 670 3530; x_wconf 83' lang='lat' dir='ltr'><strong>et</strong></span> <span class='ocrx_word' id='word_1_248' title='bbox 687 3475 727 3530; x_wconf 72' lang='lat' dir='ltr'><strong>Re*</strong></span> <span class='ocrx_word' id='word_1_249' title='bbox 750 3476 876 3547; x_wconf 88' lang='lat' dir='ltr'><strong>apposui.</strong></span> 
     </span>
    </p>
   </div>
   <div class='ocr_carea' id='block_1_8' title="bbox 1109 3616 1151 3635">
    <p class='ocr_par' dir='ltr' id='par_1_11' title="bbox 1109 3616 1151 3635">
     <span class='ocr_line' id='line_1_35' title="bbox 1109 3616 1151 3635; baseline 0 0"><span class='ocrx_word' id='word_1_250' title='bbox 1109 3632 1112 3635; x_wconf 97' lang='lat'>.</span> <span class='ocrx_word' id='word_1_251' title='bbox 1122 3616 1151 3635; x_wconf 68' lang='grc' dir='ltr'>...Η</span> 
     </span>
    </p>
   </div>
   <div class='ocr_carea' id='block_1_9' title="bbox 0 0 1205 3862">
    <p class='ocr_par' dir='ltr' id='par_1_12' title="bbox 0 0 1205 3862">
     <span class='ocr_line' id='line_1_36' title="bbox 0 0 1205 3862; baseline 0 0"><span class='ocrx_word' id='word_1_252' title='bbox 0 0 1205 3862; x_wconf 95' lang='lat' dir='ltr'><strong> </strong></span> 
     </span>
    </p>
   </div>
  </div>
 </body>
</html>
