2392 3862
353 205 669 262 DECLAMATIONES.
702 205 855 263 CCLXXX.
1017 206 1081 271 143

120 371 264 455 fugerat,
287 369 408 453 inquit,
430 368 571 453 raptor.“
616 370 696 452 seio,
724 370 801 454 quid
824 369 1016 435 facillimum
1039 371 1084 434 sit

121 457 240 522 dicere:
273 463 462 543 persecutus
491 476 590 542 esses;
618 457 820 541 inquisisses;
850 460 877 523 si
904 480 999 524 verus
1028 458 1083 524 hio

121 545 221 626 dolor,
245 547 273 610 si
295 568 374 611 vera
396 545 579 631 indignatio
604 551 682 626 erat,
704 567 771 610 non
794 547 966 613 omisisses.
1016 568 1082 612 non

121 635 184 699 hoo
207 634 258 698 illi
276 634 413 719 profuit,
437 633 522 719 quod
544 633 704 719 profugit:
729 633 786 698 sed
808 634 901 718 illud,
924 636 1011 720 quod
1033 657 1081 700 re-

119 723 188 788 dire
225 723 413 807 permisisti.
465 723 603 788 fortasse
640 722 726 787 enim
764 726 935 788 contentus
972 723 1116 789 fueruso

119 811 181 876 bae
208 812 282 895 ipsa
309 832 415 897 poena
442 811 545 890 exilii,
578 811 658 875 satis
686 810 885 877 vindicatum
916 816 950 876 te
981 813 1082 877 oredi-

119 900 223 964 deras.
268 897 319 963 Ne
341 898 422 964 illud
449 900 578 985 quidem
604 899 794 984 verendum,
825 921 866 964 ne
894 901 1081 985 raptoribus

121 987 305 1071 exemplum
322 988 530 1073 profugiendi
547 989 786 1074 permittamus,
805 989 833 1052 si
848 989 956 1072 optari
971 989 1081 1073 adrer-

120 1098 175 1140 sus
198 1097 253 1140 eos
277 1077 417 1160 amplius
440 1098 508 1142 non
531 1077 683 1161 potuerit.
720 1077 800 1141 satis
820 1078 907 1141 enim
926 1098 1081 1162 magnum

119 1165 313 1250 supplicium
331 1165 394 1230 boo
412 1168 463 1230 est
481 1169 514 1229 et
533 1169 683 1230 eertum·
699 1187 776 1230 nam
795 1165 833 1248 is,
856 1167 911 1250 qui
930 1187 1080 1251 perman·
1100 1179 1136 1230 10

119 1254 211 1333 serit,
240 1269 375 1337 'sperare
403 1257 436 1317 et
462 1254 595 1338 nuptias
626 1254 761 1338 poterit,
790 1254 918 1319 etiamsi
941 1258 1080 1319 mortem

117 1342 260 1406 timebit:
284 1342 312 1406 ei
335 1363 426 1425 vero,
450 1343 505 1426 qui
529 1342 719 1427 profugerit,
742 1342 875 1407 exilium
899 1343 967 1407 sine
988 1342 1080 1407 dubi·

118 1431 243 1494 tatione
267 1432 330 1494 erit
352 1431 550 1513 patiendum.
644 1444 646 1448 ’

184 1517 274 1582 Haeo
292 1518 414 1584 dioeret
432 1519 512 1604 ipse,
534 1541 616 1605 quae
634 1541 721 1584 nuno
739 1540 801 1604 ego
821 1520 902 1602 dico,
925 1519 1079 1605 quoniam

118 1606 176 1671 ille
199 1628 266 1671 non
289 1606 368 1671 dioit
390 1612 424 1672 et
446 1608 576 1673 obstare
598 1608 682 1673 nihil
702 1607 776 1689 [hoo
794 1609 881 1691 loeo]
899 1612 996 1694 putat
1019 1609 1078 1673 ius.
1100 1621 1136 1672 1⁶

118 1694 213 1779 <Hos
232 1694 326 1779 loco>
341 1695 449 1762 sinon
463 1718 593 1780 possem
607 1696 741 1762 reddere
755 1698 927 1779 rationem,
949 1697 1080 1780 iudices,

117 1786 276 1868 quantum
289 1806 362 1850 mea
375 1785 549 1850 interesset
561 1785 595 1849 id
609 1786 695 1870 quod
712 1786 850 1870 vindico,
873 1784 953 1849 illud
971 1789 1080 1850 temen

100 1873 357 1957 responderem:
380 1895 441 1958 pro
463 1873 533 1938 iure
555 1873 647 1958 loqui
664 1874 786 1938 nemini
803 1874 973 1938 nonlicet.
1005 1894 1079 1937 oon·

116 1962 228 2025 veniat
241 1961 328 2026 inter
344 1983 403 2027 voe
422 1961 561 2026 fortosse
582 1957 657 2045 (hoe
677 1966 735 2045 est,
750 1962 836 2045 quod
850 1983 901 2025 me
917 1960 1079 2026 sollicitis·

117 2049 235 2113 simum
257 2048 365 2134 iacit):
397 2049 513 2135 loquar
539 2053 649 2113 tamen
676 2070 737 2132 pro
764 2049 850 2133 lege,
882 2050 997 2133 loquar
1018 2069 1078 2132 pro
1098 2063 1136 2115 20

117 2137 290 2220 aequitate.
336 2136 437 2220 quid?
466 2136 494 2200 si
516 2158 593 2202 vero
616 2136 679 2202 hoo
702 2135 754 2219 (ut
774 2137 874 2220 paulo
898 2140 974 2202 ante
996 2137 1063 2201 dixi

116 2225 286 2309 aliquanto
305 2225 410 2309 magis
430 2225 471 2289 ad
485 2246 546 2308 me,
565 2246 661 2309 quam
680 2224 721 2289 ad
735 2229 900 2309 raptorem
913 2224 1057 2308 pertinet
1174 2222 1178 2231 ’

114 2313 283 2397 periclitor
332 2313 418 2377 enim
465 2312 604 2397 nuptiis,
648 2313 815 2397 periclitor
860 2315 1077 2399 matrimonio,

113 2423 181 2467 non
209 2424 275 2466 una
301 2405 396 2467 noete
425 2403 572 2486 cognito,
599 2423 659 2468 neo
688 2407 824 2487 propter
846 2424 989 2468 errorem
1012 2403 1076 2468 for·

112 2493 202 2555 tasse
234 2511 294 2555 neo
320 2494 454 2576 propter
482 2491 649 2576 iniuriam,
676 2489 734 2556 sed
757 2490 896 2578 delecto,
924 2493 980 2557 sed
1002 2514 1077 2577 pro·
1095 2506 1134 2556 ao

113 2579 202 2660 bato,
226 2579 281 2643 sed
304 2580 479 2663 inpetrato.

182 2667 337 2751 Temptat
359 2690 411 2732 me
435 2668 590 2732 adversus
612 2668 694 2732 haee
718 2687 809 2733 socer
822 2689 879 2752 spe
898 2669 1020 2750 fallere,
1044 2673 1077 2734 et

113 2777 180 2820 non
209 2756 318 2839 palam
348 2756 505 2839 ostendit,
537 2755 616 2844 quid
645 2757 689 2820 sit
714 2759 872 2841 optatura
894 2759 958 2822 leta
985 2756 1076 2820 blan·

113 2844 204 2908 ditur
230 2848 340 2909 tamen
368 2843 507 2909 rationi:
540 2844 693 2928 libenter,
725 2843 861 2929 iudices,
893 2846 1000 2928 oredo,
1028 2867 1076 2909 re·

184 2988 201 3037 2
220 2985 293 3037 esset
310 2980 474 3052 inquisisset
492 2987 516 3036 et
535 2988 550 3036 3
570 2981 711 3037 omisisset
724 2987 780 3052 AB,
799 2999 868 3040 corr.
886 2985 944 3038 Aer
957 2986 996 3050 115
1015 2983 1076 3037 fue·

111 3052 150 3108 ris
168 3058 229 3122 AB,
248 3069 318 3109 corr.
336 3054 381 3108 Ito
402 3053 413 3122 1
436 3058 469 3106 15
490 3053 556 3124 [hoo
573 3053 607 3123 1.]
626 3053 671 3107 Ro
693 3055 703 3122 1
725 3057 841 3124 putatus
860 3055 928 3108 sin.
948 3057 988 3105 Aa
1010 3055 1020 3120 1
1041 3058 1074 3106 16

112 3122 188 3196 (hoo
207 3121 247 3197 Ι.)
265 3124 380 3195 1101119
399 3140 444 3178 me
463 3139 513 3179 ora.
533 3128 556 3175 Δ
570 3125 579 3206 11
593 3129 627 3177 25
647 3122 751 3179 delicto
769 3127 861 3195 111126
880 3124 1019 3192 imperato
1037 3123 1075 3191 311

82 3223 92 3230 -
112 3199 147 3250 28
167 3197 314 3264 optaturus
333 3199 391 3262 AB,
411 3210 480 3251 corr.
491 3194 535 3248 Ro
548 3195 557 3264 11
570 3194 613 3247 ria
629 3193 775 3250 blanditur
788 3199 884 3250 tomen
897 3191 1004 3246 notioni
1017 3196 1074 3260 ΔΡ,

111 3263 154 3321 ita
171 3267 267 3320 tamen
285 3265 428 3321 blanditur
446 3264 552 3319 actioni
570 3268 606 3333 B,
634 3281 703 3320 eurr.
722 3265 767 3320 Ro
789 3269 799 3335 1
822 3270 855 3318 29
874 3260 1016 3343 iudieiurn‘
1029 3268 1052 3315 A
1066 3262 1075 3334 11

112 3342 219 3392 28-29
238 3335 280 3391 ita
302 3336 341 3390 bl.
364 3339 476 3404 tamen,
502 3351 536 3390 ao
558 3336 582 3390 si
604 3352 660 3392 non
682 3335 830 3390 inhibente
856 3347 902 3386 me
929 3332 1080 3403 rudromm,

112 3407 210 3476 oredo,
234 3424 301 3462 rem.
328 3408 403 3462 esset
427 3413 474 3463 eto.
502 3405 571 3472 Otr,
600 3406 631 3461 at
648 3407 793 3461 blanditur
809 3408 905 3460 tamen
924 3402 1084 3463 affectioni,

111 3477 240 3547 libenter,
258 3477 373 3546 iudices,
393 3477 488 3533 oredo:
506 3494 574 3533 rem.
594 3480 639 3534 est
656 3476 711 3534 Sele
1071 3524 1147 3640 Ι
