2392 3862
166 230 210 297 54
532 229 759 298 QUINTILIANI

166 395 285 460 simum
297 395 411 459 uulnus
426 398 459 459 et
473 394 593 459 crimen
607 394 806 459 inurebatur.
829 392 897 458 iam
913 392 1013 478 video,
1026 417 1132 480 quare

165 505 233 548 non
265 483 409 548 cesseris.
451 482 513 548 hoc
545 483 608 547 tibi
637 481 781 566 praemio
814 481 918 547 maius
946 481 1133 569 videbatur,

165 571 327 637 committi
349 593 422 636 oum
444 576 536 655 patre
555 576 589 637 et
606 569 817 654 parricidium
834 569 940 636 facere
958 570 1042 657 iure;
1065 573 1133 639 hoc

166 659 312 743 profecto
341 660 439 725 etiem
466 660 501 724 in
528 660 596 725 acie
625 658 758 740 [facere]
787 658 942 742 cogitasti
969 664 1016 744 et,
1054 683 1132 728 cum

131 763 147 813 5
166 748 337 813 imitareris
357 748 510 812 virtutem
533 768 649 831 meam,
671 768 739 812 non
759 746 894 831 optandi
912 748 972 832 ius,
995 749 1052 815 sed
1070 772 1133 835 pu-

166 836 287 920 gnandi
310 857 463 920 quaerere
486 834 657 903 videbaris.
695 856 756 922 ego
779 838 936 921 quantum
960 842 1010 903 est
1032 838 1069 903 in
1087 843 1133 923 te,

164 925 200 989 in
226 924 332 991 medio
360 925 433 991 foro
460 930 494 991 et
520 925 673 991 universa
705 927 872 1008 spectante
904 925 1038 991 civitate
1068 926 1133 995 filii

164 1035 264 1079 manu
287 1013 467 1079 trucidatus
490 1035 562 1078 sum
584 1014 643 1098 vel,
665 1013 753 1098 quod
776 1017 827 1078 est
845 1012 987 1098 gravius,
1009 1015 1132 1082 occidi:

165 1105 202 1166 tu
224 1103 450 1186 perseverasti,
473 1123 545 1167 oum
568 1123 620 1167 me
642 1123 759 1186 cupere
782 1101 828 1167 sic
847 1101 982 1168 videres.
1014 1104 1132 1171 etiam·

114 1207 147 1256 10
166 1211 244 1256 num
262 1191 439 1276 interrogo,
461 1194 646 1257 staturusne
664 1194 779 1256 contra
796 1189 920 1256 fueris?
943 1190 995 1257 dio
1007 1196 1132 1260 vam!

165 1300 242 1344 nam
263 1279 292 1344 si
312 1278 420 1362 (non)
438 1279 532 1345 fuisti
549 1282 822 1363 perseveraturus,
843 1278 917 1344 vide
937 1301 979 1345 en
994 1283 1132 1366 gravirm

165 1367 264 1433 etiam
296 1369 420 1434 crimen
446 1368 505 1447 sit,
535 1368 623 1451 patri
655 1388 805 1454 negasse,
842 1366 928 1451 qnod
959 1374 1133 1453 praestaro

165 1461 307 1539 poteras.
351 1455 446 1521 Habe
474 1477 550 1541 ergo
574 1457 753 1540 praemium
775 1456 877 1540 istud,
905 1461 1133 1545 quantumque

165 1544 202 1608 in
233 1565 271 1609 eo
304 1544 437 1610 honoris
465 1549 528 1627 cst3
559 1545 614 1610 sed
642 1548 813 1611 contentus
840 1548 912 1611 esto
942 1546 1131 1632 adpellasse

113 1649 146 1699 15
165 1654 235 1698 rem
257 1632 434 1716 publicam:
457 1632 584 1698 discede
606 1632 646 1699 de
669 1633 765 1701 domo
789 1654 870 1699 mea.
900 1635 1056 1701 nonium
1076 1638 1133 1703 ul·

165 1720 265 1786 tionis
289 1722 398 1807 gratia
420 1721 514 1804 facio,
538 1722 593 1788 sed
618 1721 719 1787 etiam
738 1722 936 1788 securitatis:
960 1722 1132 1793 insomnes

164 1812 277 1874 noctes
310 1830 374 1895 ago
405 1814 440 1876 at
471 1809 512 1876 ad
543 1831 653 1877 omnes
681 1815 805 1876 terreor
832 1812 1001 1896 strepitum
1034 1814 1134 1883 nulla

165 1898 247 1962 mihi
270 1920 383 1964 secura
402 1903 549 1966 nonest:
571 1899 676 1965 habeo
695 1899 730 1964 in
748 1899 844 1965 domo
863 1898 977 1982 filium,
998 1903 1056 1987 qui
1075 1925 1133 1971 me

164 1987 273 2070 potuit
297 1988 451 2054 occidere.
483 2009 561 2054 nam
582 1988 721 2073 praemii
744 1988 876 2073 quidem
899 1989 1008 2073 gratia
1027 1992 1133 2058 strin-

111 2077 265 2142 rexisses
293 2077 415 2144 ferrum
442 2081 557 2144 contra
582 2080 709 2162 patrem
738 2077 828 2142 etin
850 2084 1027 2161 conspeetu
1051 2079 1133 2147 civi·

163 2165 242 2230 tatis
266 2167 443 2252 populique
465 2166 675 2251 parricidium
699 2165 841 2244 fecisses,
862 2169 900 2231 ut
917 2165 1011 2231 heres
1029 2168 1134 2235 citius

163 2253 233 2335 fias,
255 2259 293 2319 ut
316 2255 401 2320 bona
424 2277 498 2320 mea
520 2276 671 2338 occupes:
694 2254 791 2319 homo
814 2257 883 2319 tam
906 2253 1043 2339 cupidus
1061 2278 1134 2325 non

165 2342 299 2406 audebis
322 2342 533 2426 parricidium
556 2342 662 2408 facere
684 2341 867 2408 secretum?

231 2427 307 2495 Non
329 2431 444 2515 ignoro
466 2431 614 2496 omnium
636 2430 712 2510 fere,
736 2431 792 2516 qui
815 2430 1016 2515 abdicantur,
1038 2431 1130 2502 hunc

111 2533 146 2584 25
165 2539 236 2582 esse
264 2539 402 2603 morem,
429 2523 467 2584 ut
490 2522 564 2584 cota
586 2520 652 2585 iam
675 2541 773 2585 causa
796 2520 837 2585 ad
860 2541 971 2604 preces
994 2541 1133 2589 conver-

164 2609 277 2672 tantur
305 2610 337 2673 et
366 2608 518 2693 mitigare
549 2611 659 2695 patres
690 2608 836 2693 rogando
859 2609 976 2674 velint:
1008 2608 1133 2679 hocine

163 2699 201 2759 tu
225 2696 366 2780 concipis
391 2697 498 2761 animo
522 2719 617 2781 posse
640 2697 720 2780 fieri,
742 2702 779 2763 ut
803 2697 942 2763 exores?

238 2877 250 2923 1
271 2869 354 2926 funus
373 2876 429 2938 AB,
448 2887 517 2929 corr.
537 2871 594 2927 oor
607 2873 616 2941 ΙΙ
630 2872 709 2928 vides
727 2877 784 2940 AB,
802 2887 873 2927 corr.
884 2871 929 2928 Ro
942 2872 983 2941 ΙΙ4
1000 2871 1130 2942 profesto

164 2944 242 2993 B-l’
254 2941 264 3010 ty
279 2941 395 3014 [facere]
407 2942 481 3014 Scbt
496 2943 670 3000 bimitarisB
683 2946 693 3015 ΙΙ
708 2948 879 3013 5-6pugnt
893 2941 1040 2999 dividebas
1049 2948 1074 2998 Α
1113 2951 1131 3003 8

164 3012 290 3067 occidere
308 3016 401 3084 Bnlo
420 3017 560 3101 staturuyp
583 3031 634 3071 nec
653 3016 751 3070 eontra
769 3012 990 3082 An*dioturum
1003 3017 1062 3084 n,
1104 3016 1131 3072 'o

163 3102 269 3155 utrum!
292 3101 356 3167 Obr,
373 3103 502 3169 fortasse:
521 3103 555 3157 st.
576 3119 598 3156 e.
617 3102 701 3157 fueris
721 3100 919 3158 dimicaturum
936 3102 979 3157 vel
996 3105 1026 3157 et
1044 3102 1132 3159 dimi-

163 3174 275 3226 caturus
290 3175 299 3242 ss
315 3178 346 3226 11
367 3171 503 3245 *<non>ss
519 3178 550 3226 Ν
571 3176 595 3224 Δ
608 3175 617 3242 ΙΙ
636 3179 668 3227 1ἵ
688 3175 763 3228 noct.
782 3177 849 3244 aget
867 3173 904 3227 ad
922 3177 962 3225 Ab
976 3176 986 3244 ΙΙ
1001 3178 1034 3228 19
1052 3175 1131 3245 peti·

163 3242 206 3296 vit
223 3246 272 3313 Bp
296 3242 433 3300 strixisses
451 3248 483 3311 Δ,
502 3242 683 3298 strinxisse!
704 3245 713 3312 ΙΙ
732 3249 766 3298 21
785 3243 952 3313 populorum
971 3242 1132 3316 rufeoim

164 3314 208 3381 ΒΙΙ
222 3319 255 3368 26
275 3314 328 3369 hoc
348 3318 425 3370 metu
444 3330 521 3370 conc.
540 3317 560 3366 B
578 3317 589 3385 p
607 3319 640 3370 Ἠ
659 3314 720 3369 fieri
739 3319 828 3370 omn
