2392 3862
148 213 213 278 376
500 211 729 278 QUINTILIANI

147 380 286 462 turpiter
308 374 508 460 deficiebam,
531 374 767 460 perdebamque
789 375 1008 440 necessarium
1035 377 1121 443 eivi-

147 467 211 531 tati
233 465 431 549 exemplum:
453 464 583 548 iamque
607 465 641 528 in
665 485 736 528 eam
759 467 916 529 venturus
940 485 1031 530 eram
1054 466 1120 531 ho-

148 555 272 619 minum
307 553 537 638 suspicionem,
564 556 732 637 tamquam
755 575 807 618 me
830 552 1043 636 permittente
1066 555 1120 619 fe-

147 664 254 709 usses.

113 749 129 797 5
215 730 288 797 Hoc
312 751 385 816 age:
416 729 467 795 die
489 730 649 812 insanum,
672 728 723 795 die
745 729 912 813 furiosum,
936 730 987 795 die
1011 730 1120 817 longe

149 821 189 886 ab
211 820 379 885 intellectu
402 818 568 904 sanguinis
593 819 642 882 sui
661 818 812 902 positum.
847 819 928 900 vide,
951 841 992 884 ne
1012 841 1118 905 roga

147 910 242 975 veris.
289 909 366 993 quid
394 909 480 972 enim
509 910 639 972 aeturus
668 907 748 991 <es>
778 908 817 972 ad
846 927 952 992 genua
980 910 1119 991 provol-

148 998 263 1083 vendo,
277 997 459 1062 adhibendo
475 996 605 1079 amieos,
619 994 725 1060 flendo
740 996 775 1060 in
784 999 896 1080 peetus
907 997 1040 1062 meum?
1055 1021 1119 1063 —t

146 1087 280 1152 insanus
300 1108 385 1169 sum;
407 1085 491 1149 nihil
511 1084 624 1152 sentio.
656 1085 727 1149 iad
745 1085 839 1150 illum
860 1088 988 1169 patrem
1006 1089 1120 1152 tuum.

95 1282 128 1330 10
562 1258 687 1329 OOGL.

343 1386 447 1468 Aqua
468 1384 606 1466 frigida
628 1385 794 1471 privigno
818 1384 911 1453 (lats.

149 1512 211 1588 Qui
234 1511 376 1576 habebat
397 1511 515 1593 filium,
544 1511 665 1575 amissa
688 1514 792 1575 matre
817 1510 884 1576 eius
909 1510 1007 1575 aliam
1031 1535 1118 1579 uxo·

239 1622 308 1664 rem
345 1599 445 1663 duxit.
500 1599 614 1663 incidit
650 1600 685 1663 in
722 1620 854 1685 gravem
890 1600 1118 1667 valetudinem

238 1689 331 1753 filius.
377 1688 547 1752 convocati
575 1691 650 1752 sunt
679 1689 808 1772 nsediei3
840 1689 989 1753 dixerunt
1013 1691 1118 1755 mori-

241 1780 364 1859 turum,
388 1777 415 1841 si
439 1798 557 1861 aquam
579 1774 732 1861 frigidam
756 1777 902 1842 bibisset.
948 1776 1040 1842 dedit
1063 1778 1119 1844 illi

237 1888 375 1932 noverea
403 1887 521 1950 aquam
549 1865 715 1950 fn’gidam:
748 1866 846 1949 periit
872 1866 1005 1931 iuvenis.
1053 1889 1116 1933 no-

239 1978 333 2021 verca
356 1961 526 2021 accusatur
550 1977 569 2018 a
593 1955 711 2019 marito
735 1954 891 2020 veneficii.

456 2129 793 2198 DECLAMATIO.

213 2241 371 2306 Veneficii
394 2261 464 2326 ago.

93 2345 128 2395 20
214 2330 333 2393 Filium
364 2352 471 2394 meum
495 2330 618 2411 perisse
642 2332 675 2393 et
698 2350 737 2392 ea
759 2329 906 2411 potione,
933 2349 1033 2412 quam
1057 2331 1115 2397 de-

146 2419 231 2482 derit
253 2439 405 2501 noverea,
433 2417 565 2500 perisse,
592 2438 660 2481 non
683 2416 815 2481 difficile
838 2418 992 2500 probabo.
1031 2441 1116 2486 nam

146 2511 180 2570 et
208 2506 318 2569 datam
346 2528 366 2569 a
394 2527 428 2569 se
451 2505 618 2588 petionem
642 2526 706 2568 non
730 2510 842 2590 negat,
871 2512 904 2570 et
925 2527 1000 2570 eam
1023 2511 1115 2591 peri·

146 2594 290 2659 eulosam
313 2593 423 2676 fuisse,
447 2614 528 2678 quae
551 2593 715 2675 praedicta
738 2601 827 2678 sunt,
850 2596 1036 2662 ostendunt.
1066 2619 1114 2664 ne

148 2682 335 2768 ignorantia
359 2682 489 2767 quidem
513 2681 642 2746 defendi
665 2686 788 2766 potest:
816 2683 849 2748 id
873 2683 958 2769 quud
982 2686 1116 2772 accidit,

218 2863 232 2911 1
252 2858 363 2928 prode
382 2863 405 2910 Δ
418 2860 428 2929 fl
451 2857 659 2927 prodebamque
677 2862 733 2923 ΑΒ,
754 2874 821 2914 corr.
838 2859 926 2928 edat
950 2863 1018 2914 1-2
1039 2859 1114 2915 sivi-

143 2930 233 2982 tatem
254 2933 295 2980 Aa
309 2930 318 2995 t
332 2935 347 2982 3
367 2929 576 2997 permittentem
596 2933 616 2980 B
631 2931 640 2999 tl
653 2934 670 2982 4
681 2929 793 2984 fecisses
803 2935 882 2984 om}
894 2932 905 3000 ΙΙ
919 2929 989 2984 sdic
1000 2930 1118 3000 (ptiust

144 3017 193 3055 om.
214 3002 287 3069 Pttt
308 3000 411 3069 *sang.
432 3000 584 3070 sepositum
603 2999 652 3067 (.?)‚
672 3001 706 3064 ef.
729 3000 968 3070 PseudeQuinta.
986 3001 1053 3058 dcet.
1076 3002 1114 3070 V,

141 3072 311 3142 p.114Bee
341 3073 425 3141 longe
449 3073 478 3125 te
502 3071 537 3125 ab
561 3071 708 3125 intellectu
731 3075 850 3126 naturae
875 3071 1001 3142 seposuit
1017 3088 1115 3142 prava

142 3142 338 3211 persuasioni
358 3141 430 3215 (es)
450 3140 717 3211 muniminum
737 3146 773 3207 A,
794 3160 837 3196 ·n·
852 3146 898 3212 (ε-
913 3141 998 3212 enim)
1017 3143 1056 3199 ad
1075 3143 1113 3199 il-

144 3214 202 3267 lum
221 3218 254 3279 B,
276 3213 349 3268 enim
369 3213 405 3268 ad
423 3214 504 3267 illum
523 3219 543 3266 Ρ
565 3215 574 3284 lt
599 3217 631 3266 12
651 3214 753 3284 matre]
773 3213 930 3283 inpetrem
950 3220 968 3266 c
991 3215 1003 3285 t
1025 3219 1060 3269 18
1079 3215 1114 3273 in

145 3299 194 3339 om.
215 3289 260 3336 AG
278 3286 288 3354 tt
308 3290 340 3338 16
359 3284 434 3354 perit
452 3289 475 3336 Δ
492 3286 502 3353 ΙΙ
520 3301 578 3353 per.
597 3299 700 3352 magno
719 3283 774 3338 iuv.
793 3287 836 3353 ΡΙΙ
857 3292 888 3340 17
908 3301 926 3338 a
943 3301 994 3341 oen.
1013 3286 1115 3357 ³120

143 3361 214 3408 -21
235 3355 358 3408 dederim
378 3362 396 3408 c
409 3358 419 3426 ΙΙ
432 3360 466 3408 21
486 3353 596 3408 defieils
615 3354 740 3423 propabo
758 3358 781 3407 Δ
794 3357 805 3426 t
818 3362 852 3409 22
867 3372 903 3411 ea
914 3360 963 3409 n
975 3356 987 3427 Ι
999 3360 1114 3417 22-21

144 3425 305 3496 periculosa
319 3429 350 3493 A,
364 3426 491 3495 pericula
504 3431 524 3478 B
538 3426 547 3495 ΙΙ
561 3431 596 3480 23
605 3425 752 3493 praedicta
766 3427 849 3498 Ano]
863 3428 932 3483 miti
1132 3476 1138 3483 .

146 3496 243 3551 seenta
261 3497 302 3550 eet
320 3497 375 3550 tale
392 3498 459 3566 quid
478 3498 645 3552 desideranti
658 3499 668 3567 i
681 3497 826 3553 ostendint
843 3502 875 3568 Δ,
893 3515 911 3554 ο
1020 3498 1194 3639 Ἥ
