2392 3862
321 201 639 258 DECLAMATIONES.
665 203 831 259 CCLXVIII.
1011 205 1054 270 95

90 388 159 432 non
188 367 405 431 necessariam
444 387 515 429 esse
546 365 789 450 philosophiam
821 370 854 431 et
888 367 1053 432 difficilem

89 455 281 520 electionem
314 476 384 519 esse
414 454 567 537 diximus3
600 459 696 538 atque
723 455 808 519 inter
835 455 924 538 ipsos
953 457 1053 521 etiam

88 545 262 628 plerosque
298 542 514 627 philosophos
547 546 676 608 constat
707 542 762 607 vix
792 565 888 627 posse
920 545 1052 628 percipi.

87 630 201 717 Neque
225 652 285 716 ego
309 632 438 716 ignoro,
463 652 533 696 esse
556 632 727 715 quosdam,
751 631 806 716 qui
828 635 1063 718 †quamquam·

86 742 206 786 nomen
234 721 412 804 sapientiae
438 720 535 784 facile
564 723 661 804 atque
690 720 781 784 avide
811 717 861 805 (ut
893 722 939 786 sic
966 723 1086 787 dixe-o

86 808 166 894 rim)
194 808 364 893 dederunt,
399 813 509 873 tamen
541 809 697 892 quidam†
726 809 903 892 sapientem
937 831 975 875 ex
1003 811 1052 875 fa-

86 898 173 964 bulis
200 901 356 981 repetunt,
387 900 420 962 et
450 897 536 962 inter
571 919 641 979 eos,
674 898 729 982 qui
759 897 965 981 studuerunt,
997 900 1052 981 qui

87 987 346 1069 elaboraverunt,
377 986 504 1050 nullum
537 985 642 1050 adhuc
673 986 841 1050 inventum
872 1008 944 1051 esse
977 1008 1052 1051 con·

86 1077 229 1140 fitentur.
268 1078 499 1157 verumtamen,
521 1077 559 1138 ut
583 1075 692 1158 aliqua
716 1075 814 1140 etiam
838 1075 876 1139 de
900 1075 1050 1140 universo

84 1165 272 1248 loquamur:
301 1165 373 1247 quis
402 1185 479 1227 usus
503 1163 650 1247 ipsorum
673 1162 840 1228 virorum?
873 1163 1103 1229 militiaene10

86 1253 192 1335 utiles,
211 1273 254 1316 an
272 1251 422 1317 civilibus
442 1250 582 1338 officiis?
601 1251 677 1336 quid
697 1252 729 1315 in
749 1252 802 1317 his
819 1252 1049 1336 deprehendas,

85 1345 215 1425 praeter
233 1339 345 1405 fictam
363 1339 504 1404 frontem
524 1343 556 1404 et
575 1345 765 1424 perpetuum
781 1341 884 1405 otium
899 1344 931 1404 et
950 1362 1050 1425 quan-

86 1430 161 1495 dam
185 1450 224 1494 ex
248 1427 437 1515 arrogantia
461 1429 711 1493 auctoritatem?
749 1428 872 1494 Verum
897 1430 963 1495 sint
985 1430 1050 1494 ista

85 1516 137 1602 (ut
159 1513 290 1601 dicitur)
314 1537 446 1601 magna:
470 1529 531 1602 ego
554 1517 634 1583 haec
658 1518 699 1582 ad
719 1518 860 1583 formam
879 1519 1049 1603 legemque

85 1607 213 1691 paterni
235 1606 423 1671 testamenti
446 1626 536 1670 voce.
560 1607 636 1691 quid
658 1607 783 1671 civitati
801 1607 960 1692 prosunt?
985 1630 1049 1672 am·
1069 1623 1102 1671 15

84 1698 205 1780 putant
226 1693 328 1760 vitia?
359 1695 513 1759 nimirum
536 1716 631 1760 nemo
655 1696 840 1761 luxuriosus
864 1700 926 1779 est,
953 1718 1048 1761 nemo

83 1784 241 1868 pecuniae
264 1783 406 1867 cupidus.
435 1782 524 1848 Haec
548 1783 587 1848 de
610 1783 806 1868 philosopho
826 1785 944 1849 dixisse
968 1784 1048 1849 satis

89 1876 154 1937 est:
177 1876 379 1937 transeamus
404 1872 638 1937 adoratorem.
746 1918 749 1924 -

153 1960 258 2038 Quem
282 1960 436 2046 intellego
459 1960 578 2025 fiducia
601 1961 806 2044 eloquentiae
835 1960 978 2024 adhunc
998 1960 1049 2024 de·

86 2049 250 2115 soendisse
273 2070 412 2114 causam.
445 2050 585 2113 multum
609 2070 642 2113 se
665 2049 774 2113 valere
793 2050 829 2112 in
846 2046 973 2113 iudiciis
991 2070 1048 2131 pu·
1067 2063 1101 2112 20

84 2141 172 2220 tant3
199 2137 330 2221 rapiunt
358 2138 462 2203 malas
491 2136 664 2222 aliquando
693 2157 817 2202 causas.
863 2138 895 2200 et
919 2157 996 2200 sane
1021 2138 1049 2199 si

83 2224 213 2292 iustitia
235 2225 356 2310 valeat,
384 2226 461 2312 quid
485 2229 535 2291 est
558 2225 767 2310 eloquentia?
805 2225 881 2310 quid
905 2245 982 2309 ergo
1005 2225 1048 2289 ci-

83 2314 181 2380 vitati
205 2313 395 2380 conferunt?
422 2315 482 2379 illa
505 2315 591 2378 enim
615 2336 694 2379 sane
711 2315 929 2380 remittamus:
954 2335 1048 2378 omne

85 2404 172 2470 circa
194 2403 294 2468 verba
313 2404 456 2469 studium
475 2407 516 2487 et,
538 2425 612 2468 eum
630 2424 738 2468 rerum
755 2407 873 2468 natum
890 2402 1047 2468 beneficio

87 2513 146 2558 suo
169 2492 216 2557 ita
238 2491 385 2575 homines
409 2493 612 2576 instruxerit,
635 2493 784 2557 utnulla
806 2514 858 2557 res
880 2514 947 2557 non
969 2513 1047 2557 voce
1067 2506 1100 2555 25

86 2579 272 2665 explicetur,
295 2592 528 2666 supervacuum
552 2581 713 2666 quendam
735 2582 771 2645 in
791 2581 978 2646 exornando
1002 2580 1047 2644 la-

156 2777 170 2826 1
191 2787 251 2826 esse
269 2786 320 2826 om.
339 2775 360 2824 Β
387 2775 396 2842 ΙΙ
423 2771 481 2826 diff.
502 2788 562 2827 esse
582 2773 661 2828 elect.
681 2776 702 2825 B
724 2775 734 2842 ΙΙ
757 2779 772 2827 3
792 2773 940 2842 pluresque
960 2775 981 2824 B
1000 2773 1010 2840 l
1029 2777 1045 2826 6

84 2840 253 2911 sapientiem
272 2845 328 2909 ΔΒ,
348 2857 416 2897 corr.
438 2841 495 2898 Aer
517 2845 561 2912 ll‘l
585 2859 619 2898 ex
637 2843 740 2897 fabulis
759 2845 827 2914 rap
846 2847 913 2898 tune
932 2847 992 2912 Ac,
1012 2860 1046 2898 ex

81 2911 102 2977 f.
121 2911 163 2966 rei
181 2930 226 2982 pu.
246 2915 314 2968 tunc
332 2916 366 2982 B,
392 2928 460 2969 corr.
480 2913 533 2969 Sele
551 2916 561 2984 11
579 2918 649 2969 4-6
667 2915 764 2969 tamn
783 2913 910 2986 quidam]
929 2917 951 2971 t.
970 2913 1045 2968 idem

83 2982 134 3048 Gr,
153 2985 200 3052 qui
218 2987 363 3052 tamquam
382 2999 484 3039 nomen
503 3001 523 3038 s.
543 2986 563 3038 f.
583 3001 608 3041 a.
624 3002 649 3040 a.
663 3003 690 3039 u.
706 3002 727 3041 s.
743 2985 768 3039 d.
785 2985 928 3052 dederunt,
950 2988 1046 3038 tamen

83 3053 199 3122 quidum
218 3054 374 3123 sapientem
393 3060 439 3110 etc.
453 3054 507 3122 Ro,
526 3055 592 3125 *qui
629 3071 783 3125 numquam
800 3072 875 3111 nom.
895 3071 952 3123 sap.
967 3052 1046 3125 <stu-

83 3121 278 3208 ungarorum>
295 3124 349 3179 fac.
367 3141 394 3180 a.
413 3142 437 3210 a.
452 3144 479 3181 u.
494 3144 516 3180 s.
531 3125 557 3180 d.
573 3075 645 3197 ded,
663 3128 759 3182 tamen
776 3127 855 3208 idem·
871 3126 923 3209 (cel
940 3123 1044 3192 ipsum)

80 3194 1045 3339 1111111111111111111111111111

80 3336 138 3393 lux.
157 3341 194 3406 A,
212 3337 344 3392 nimirum
362 3338 418 3392 lux.
437 3341 458 3390 B
481 3338 490 3405 11
514 3342 548 3391 18
567 3336 781 3407 vituperatio
801 3337 977 3393 oratoriae
995 3342 1019 3391 A
1037 3340 1046 3410 ll

81 3413 118 3464 20
134 3410 220 3480 putat
237 3412 257 3461 B
271 3411 281 3478 Ι
295 3414 328 3462 22
344 3408 411 3477 quid
427 3410 471 3463 est
485 3408 647 3478 eloquentia
661 3425 711 3464 orn.
722 3412 752 3476 B,
771 3427 816 3478 qu.
832 3408 869 3464 sit
883 3408 920 3464 el.
931 3408 976 3464 Ro
988 3411 1051 3478 ll‘tt

81 3479 243 3536 exhorando
262 3484 297 3548 Δ,
316 3478 456 3533 exorando
475 3483 532 3549 Bc,
551 3496 622 3539 corr,
642 3479 791 3538 Laidem
809 3482 854 3538 ed.
