2392 3862
108 175 183 247 312,
476 172 706 240 cumulantur
746 120 749 126 ⁵

108 339 243 405 vocibus
267 337 390 421 optime
414 334 465 423 (ut
488 337 554 402 iam
579 356 674 419 saepe
698 333 779 416 dixi)
809 334 848 399 de
877 357 928 400 me
952 338 1078 404 merito

109 425 323 509 satisfaciam,
345 425 487 510 reperire
510 446 577 489 non
599 445 741 508 possum.
773 422 862 490 Vera
885 428 962 491 sunt
986 426 1077 491 enim

109 516 179 599 illa,
203 535 284 598 quac
308 514 400 579 dixit.

176 601 369 684 [Narratio]
421 603 549 686 Pauper
572 622 632 686 ego
656 605 752 666 natus
777 604 809 666 et
832 604 946 667 eontra
968 599 1079 668 facul-

74 708 90 760 t
108 692 227 757 tatium
247 692 407 756 rationem
425 712 571 756 mearum
589 690 728 755 infelicis
747 689 844 755 huius
864 690 1077 774 eloquentiae

110 781 282 865 studiosus,
300 781 396 845 huius
416 779 623 863 liberalitate,
645 778 742 843 huius
763 779 879 863 opibus
898 781 1077 864 peregrina

110 869 231 953 studia,
260 869 442 933 clarissima
466 868 628 952 exempla,
656 867 773 952 otium,
806 889 867 952 quo
893 868 1074 951 plurimum

110 958 225 1023 studiis
250 957 429 1042 confertur,
453 979 525 1021 sum
548 959 754 1021 consecutus:
778 957 906 1021 utinam
929 978 996 1021 non
1021 981 1077 1024 us·

110 1069 171 1131 que
195 1046 235 1111 ad
258 1046 423 1111 invidiam.
459 1068 536 1110 nam
560 1045 642 1109 mihi
661 1045 831 1129 cogitanti,
855 1066 911 1109 cur
929 1045 1076 1132 integer-

58 1152 90 1202 10
109 1136 230 1200 rimum
252 1135 367 1218 virum,
391 1134 549 1218 optimum
568 1134 671 1200 civem
691 1134 907 1198 calumniator
925 1133 982 1199 ille
1000 1157 1077 1218 pro·

83 1223 243 1302 ¹‹l1tionis
272 1245 364 1287 reum
391 1222 518 1306 fecerit,
550 1222 634 1286 nihil
662 1222 821 1288 succurrit
850 1222 953 1305 aliud,
985 1225 1076 1306 quod

110 1316 238 1378 secutus
266 1313 323 1394 sit,
356 1333 453 1396 quam
481 1314 519 1375 ut
542 1331 603 1394 ego
628 1331 767 1396 agerem.
816 1309 961 1375 habebat
984 1312 1075 1377 enim

109 1402 159 1467 ius
184 1400 317 1485 optandi
335 1404 518 1485 patronum,
537 1401 597 1480 [et]
617 1399 701 1464 hanc
724 1401 812 1484 leges
836 1399 992 1464 dederant
1015 1422 1075 1484 po·

109 1491 276 1553 testatem:
301 1491 334 1552 et
355 1488 495 1552 forsitan
519 1488 696 1571 quaerebat
719 1489 817 1555 etiam
840 1491 955 1553 contra
978 1488 1076 1555 abso-

58 1593 91 1644 15
110 1576 268 1641 lutionem
290 1576 469 1640 innocentis
493 1577 540 1640 rei
563 1576 649 1641 hunc
673 1577 827 1660 colorem,
850 1579 887 1642 ut
909 1575 1076 1643 videretur

110 1664 183 1729 ideo
209 1663 371 1749 dimissus,
395 1664 470 1748 quia
494 1684 554 1749 ego
578 1665 725 1749 egissem.
763 1664 825 1730 hoc
849 1665 879 1729 ei
902 1668 988 1730 certe
1007 1688 1076 1732 non

111 1752 258 1836 contigit.
294 1773 385 1816 rcum
410 1753 538 1838 offendi,
560 1774 627 1818 non
650 1775 702 1817 me
723 1753 853 1819 hercule
873 1774 1076 1837 supervacua

111 1842 286 1925 asperitate
309 1842 482 1906 verborum
505 1839 561 1927 (ab
585 1841 647 1907 hac
671 1861 731 1926 ego
757 1842 842 1906 enim
865 1864 930 1926 me,
960 1847 1075 1927 quate-

110 1952 171 1995 nus
204 1930 283 1994 fides
317 1930 434 2015 agendi
465 1930 674 2015 permiserat,
707 1931 904 1996 abstinuisse
928 1931 1076 1998 animum

58 2035 91 2086 20
111 2016 296 2105 confiteor)i
334 2018 390 2083 sed
417 2019 608 2103 perferenda
635 2019 766 2084 fuerunt
794 2019 949 2084 mandata
979 2019 1076 2100 falsa,

110 2130 224 2173 verum
255 2107 441 2193 criminosa,
476 2107 625 2192 conficta,
658 2129 770 2173 verum
797 2107 938 2173 invidiae
961 2110 1076 2174 tamen

109 2198 217 2281 plena.
265 2195 351 2280 quod
380 2196 407 2260 si
436 2197 512 2280 quid
536 2217 606 2262 esse
629 2197 662 2260 in
686 2197 813 2261 ratione
837 2196 962 2262 dicendi
985 2197 1075 2263 vide-

109 2288 172 2370 tur,
196 2285 224 2349 si
247 2285 318 2368 quis
342 2307 394 2349 me
417 2284 571 2349 infestam
595 2285 744 2350 attulisse
762 2285 865 2350 credit
883 2285 1077 2372 orationem,

111 2373 236 2438 accedit
262 2372 325 2437 hoc
354 2394 480 2457 quoque
504 2373 626 2459 gloriae
650 2373 766 2458 optimi
789 2375 883 2458 civis,
912 2374 999 2459 quod
1021 2397 1075 2441 me

57 2476 90 2527 25
110 2463 282 2525 accusante
306 2461 472 2525 absolutus
496 2463 556 2526 est.

176 2547 304 2633 Ingrati
330 2570 404 2613 reus
433 2571 513 2613 sum.
559 2547 609 2613 De
634 2550 741 2634 prima
764 2554 858 2636 parte
884 2572 1013 2631 causae,
1040 2552 1075 2617 iu

110 2638 211 2720 dices,
243 2657 310 2700 non
342 2636 461 2701 faciam
493 2639 760 2722 controversiam,
790 2660 894 2725 neque
926 2639 977 2704 fas
1009 2643 1075 2705 est:

111 2725 221 2809 accepi
244 2725 450 2809 beneficium,
479 2730 635 2811 quantum
659 2728 834 2793 maximum
858 2728 934 2793 dare
956 2750 1075 2812 paren-

110 2817 160 2879 tes
184 2812 297 2877 liberis
320 2819 469 2898 possunt.
509 2837 575 2880 non
599 2815 684 2881 enim
709 2818 738 2881 si
764 2816 897 2882 fortuna
920 2815 1076 2882 infelicis-

56 2918 92 2970 30
111 2903 195 2968 sima
224 2901 328 2967 adhuc
356 2902 465 2968 officia
492 2905 608 2970 studiis
632 2904 712 2969 meis
735 2905 838 2990 dedit,
866 2926 935 2970 non
963 2907 1075 2971 tamen
1116 2956 1124 2973 .

109 2992 177 3057 ista
214 2990 322 3055 animo
359 2994 556 3075 praestantis
593 2993 795 3058 aestimanda
837 2996 921 3059 sunt.
964 2994 1077 3079 accepi

182 3165 423 3237 4*[Narrati0.]‚
443 3168 477 3233 cf.
492 3167 614 3237 prolepp.
633 3168 643 3236 l
662 3167 830 3222 facultatum
847 3169 892 3239 Bfl
911 3173 927 3222 5
946 3183 1076 3223 mearum

109 3236 248 3292 rationem
267 3239 287 3288 B
311 3236 320 3306 l
344 3243 359 3292 7
380 3235 496 3291 otium
514 3238 559 3306 ΔΙΙ
574 3239 649 3306 quod
667 3241 687 3290 B
702 3240 711 3309 ΙΙ
733 3243 764 3292 11
784 3237 854 3292 mihi
872 3242 893 3291 B
912 3240 916 3310 Ι
940 3238 1009 3308 quid
1025 3242 1046 3292 ll
1065 3240 1076 3312 ΙΙ

111 3314 143 3363 13
164 3308 217 3378 [et]
236 3307 280 3362 Ro
298 3310 307 3378 ΙΙ
328 3313 360 3362 16
379 3307 516 3363 admissus
535 3311 631 3379 111118
651 3324 696 3363 me
715 3325 765 3365 om.
785 3311 877 3435 Blw
896 3325 914 3364 a
934 3307 1075 3366 etenuiese

101 3380 153 3503 OBbl
167 3385 206 3504 ap]
221 3379 317 3505 tampp
336 3395 387 3435 cm.
407 3380 498 3449 Bss28
518 3380 658 3447 quanta
680 3382 726 3450 ΔΙΙ
744 3385 816 3435 30a
852 3378 908 3436 hoc
926 3384 983 3449 ΑΒ,
1003 3396 1073 3438 corr.

142 3466 167 3516 r,
208 3467 261 3506 aec
310 3467 340 3511 er
