2392 3862
98 123 165 188 200
243 162 250 174 .
464 119 693 187 QUINTILIANI

98 292 209 350 tamen
222 286 370 350 iuvenem
384 285 457 368 pari
472 284 621 369 captione
636 284 795 351 ludemus.
818 283 958 368 fecisset,
971 284 1068 350 fecis-

100 379 150 439 set
171 375 233 438 hoe
257 377 367 437 astuta
389 373 515 458 mulier,
542 395 623 439 anus
646 358 869 452 inverebunda
891 377 929 438 ut
952 373 1064 438 iuveni

99 463 224 527 curioso
248 463 378 527 offerret
401 463 486 526 hanc
508 461 642 547 fatigati
668 461 813 544 corporis
831 464 969 544 partem.
994 465 1068 526 erat

100 550 231 635 dignus,
260 551 315 634 qui
344 551 421 615 dum
451 550 586 615 alterius
609 549 844 634 patrimonium
866 551 964 634 petit,
991 570 1064 634 per·

64 655 80 704 0
100 640 190 704 deret
214 639 313 704 etiam
336 639 516 725 praemium
540 659 642 702 suum.
676 639 731 703 sed
755 638 872 703 mulier
891 638 1066 723 simplicis·

100 728 191 812 sima,
215 728 258 812 (si
281 729 357 813 quid
380 727 511 792 mentiri
533 731 645 810 posset
669 728 724 808 [si]
745 748 813 791 non
836 723 1065 812 exposuisset)

99 819 210 902 palam
243 839 277 882 00
305 817 393 882 nolle
425 816 604 900 profitetur.
649 814 711 880 hoc
743 814 861 899 pudori
889 816 970 881 satis
999 822 1064 882 est:

101 907 129 971 si
159 906 235 991 quid
264 904 439 988 iusseritis‚
466 905 562 988 culpa
590 904 776 988 cogentium
804 908 862 968 est.
908 903 986 988 quid
1014 906 1063 969 in-

101 996 199 1060 terim
222 993 353 1078 proficit
377 993 565 1058 adulescens
584 991 662 1058 ille?
684 1014 761 1057 nam
781 993 810 1056 01
828 992 1063 1076 praeiudicium

49 1087 166 1166 10000,
195 1083 280 1167 quod
308 1083 388 1147 haec
414 1086 557 1147 recusat:
581 1085 621 1146 et
648 1081 732 1146 illud
759 1081 803 1145 sit
825 1086 1065 1167 argumentum,

102 1172 187 1255 quod
214 1172 268 1236 hic
296 1174 396 1256 optat.
442 1171 532 1236 cuius
564 1169 694 1255 quidem
720 1168 837 1255 pudori
858 1173 995 1253 propter
1017 1193 1065 1236 re·

100 1261 206 1324 centia
224 1261 342 1325 merita
360 1260 455 1344 cupio
475 1260 669 1324 consultum.
707 1278 828 1343 magna
845 1262 957 1323 tamen
976 1260 1063 1343 cupi·

100 1348 213 1413 ditatis
246 1348 369 1412 invidia
400 1347 550 1431 inquinat
581 1347 725 1431 laudem,
758 1347 787 1410 si
819 1368 892 1411 cum
920 1347 1065 1412 alienum

99 1435 331 1520 patrimonium
359 1438 462 1518 petat,
493 1456 559 1499 non
585 1438 681 1519 putat
710 1457 768 1502 sua
791 1435 926 1520 referre,
953 1439 1065 1501 utrum

47 1540 80 1589 15
100 1523 315 1586 hereditatem
337 1523 418 1587 illud
440 1522 547 1607 faciat,
571 1545 613 1587 an
636 1523 756 1589 dotem.

166 1609 257 1674 Haec
280 1611 410 1695 quidem
433 1611 539 1676 minus
559 1611 701 1676 sollicita
718 1611 781 1677 fuit
799 1611 909 1697 priore
926 1607 1064 1698 iudici03

99 1705 176 1764 tune
196 1700 281 1763 enim
299 1698 403 1784 pudor
425 1700 547 1765 salvus:
569 1722 655 1765 nunc
673 1703 762 1765 totos
780 1721 911 1765 necesse
926 1705 977 1766 000
990 1724 1066 1786 pro·

99 1790 185 1854 ferre
204 1789 354 1874 gemitus.
379 1789 510 1873 asemel,
529 1790 643 1874 inquit,
661 1789 835 1854 infeliciter
848 1789 954 1874 nupsi.
976 1788 1066 1874 pere·

101 1879 294 1964 grinabatur
308 1878 459 1964 maritus3
473 1878 551 1943 illuc
565 1879 657 1959 ierat,
670 1877 756 1942 unde
765 1899 831 1942 non
842 1880 892 1942 est
900 1898 1064 1945 reversus:

48 1985 81 2033 20
101 1973 212 2033 tamen
231 1969 350 2034 misera
369 1968 501 2051 concepi
521 1971 562 2052 00,
586 1969 744 2052 quantum
762 1969 873 2031 uterus
890 1969 1068 2053 crescebat,

101 2060 230 2123 tantum
250 2058 444 2124 accedebant
459 2058 621 2142 exequiae.
649 2058 868 2122 convenerunt
884 2055 924 2118 ad
938 2057 1068 2140 parien-

101 2151 168 2211 tem
196 2148 403 2213 consolantes
431 2145 613 2231 prcpinqui.
658 2144 739 2210 haec
767 2165 866 2228 passa
897 2165 1067 2211 0111110110-

102 2256 174 2299 sore
199 2237 327 2319 marito,
350 2235 406 2319 qui
429 2255 481 2298 me
504 2233 583 2298 feeit
605 2232 765 2297 heredem.
802 2232 874 2316 quis
897 2234 1067 2317 110000011-

101 2321 170 2385 lum
199 2322 285 2387 diem
308 2321 428 2387 referre
452 2321 521 2386 sine
544 2320 710 2385 lacrimis?
740 2321 851 2385 vivum
873 2320 970 2388 funus
994 2343 1066 2406 gre·

48 2409 167 2474 2011110
195 2410 271 2493 01111;
305 2431 402 2495 quam
427 2430 531 2494 paene
555 2408 716 2492 expiravit
738 2409 773 2473 in
796 2409 947 2475 manibus
970 2411 1067 2476 meis!

103 2497 218 2561 deinde
240 2498 338 2582 periit
361 2496 432 2581 ille,
463 2497 519 2580 qui
542 2497 695 2561 iusserat:
725 2517 823 2580 quam
845 2519 948 2582 paene
971 2499 1066 2582 potui

100 2608 167 2651 non
195 2588 367 2670 exponeret
398 2585 474 2670 quid
498 2585 580 2649 mihi
603 2606 677 2649 eum
700 2585 762 2650 hac
785 2585 989 2651 hereditate?
1020 2588 1065 2652 01-

101 2674 189 2758 10010,
211 2678 248 2738 110
275 2675 380 2739 filium
408 2673 514 2760 magis
543 2673 789 2740 desiderarem«
826 2674 928 2741 falsas
951 2679 1065 2759 putate

103 2784 207 2845 voces,
238 2764 267 2827 si
290 2767 406 2847 postca
428 2761 551 2848 nupsit.
596 2763 654 2828 ille
678 2762 924 2829 desiderabatur
945 2764 1064 2829 infans.

48 2853 160 2935 30010,
183 2857 274 2936 pute,
297 2852 447 2917 effectum
470 2857 529 2937 000,
551 2855 588 2917 110
611 2852 731 2938 aliquis
755 2875 788 2918 se
812 2853 915 2917 filium
936 2852 1063 2917 diceret.

101 2942 182 3007 haec
213 2940 342 3026 quidem
374 2940 484 3006 fabula
512 2940 623 3007 adlata
651 2946 716 3027 000,
746 2946 914 3026 tamquam
941 2946 1063 3007 temere

175 3123 189 3171 1
209 3116 355 3171 laudemus
374 3120 394 3166 P
412 3115 420 3184 11
438 3114 552 3170 fecisset
570 3133 620 3171 om.
640 3120 705 3169 Aa!
724 3117 767 3187 12
786 3109 1043 3172 invereccndia'ts
1056 3114 1066 3187 11

102 3193 117 3241 5
138 3188 218 3258 simp.
239 3190 282 3242 set
300 3205 345 3257 qu.
365 3190 406 3239 Aa
424 3188 433 3256 11
452 3193 468 3240 6
487 3186 536 3269 [si]
559 3186 600 3242 Gr
618 3187 627 3256 11
647 3192 663 3241 8
680 3187 807 3242 vixeritis
825 3190 845 3239 B
860 3188 869 3257 11
889 3193 922 3240 10
941 3191 1067 3241 recursat

101 3261 165 3329 Aen
180 3266 213 3313 12
232 3260 327 3314 tamen
345 3275 395 3313 cm.
414 3261 435 3310 B
449 3259 458 3329 11
474 3263 506 3311 19
526 3257 650 3313 1111011001
668 3262 691 3310 Δ
704 3257 713 3326 11
726 3254 952 3326 peregrinabitur
970 3257 1065 3325 0100

102 3330 144 3383 de
164 3329 308 3398 gravida
326 3328 529 3400 expositura
546 3331 642 3399 0104
659 3328 726 3398 post
744 3330 791 3379 ΔΒ
806 3329 864 3399 126
883 3326 994 3396 expirat
1012 3327 1068 3399 0011

101 3405 135 3454 29
155 3399 262 3455 *efficit
280 3404 329 3452 ΔΒ
342 3404 353 3471 1
366 3407 401 3455 30
420 3399 445 3455 si
462 3399 524 3470 ipsa
542 3397 639 3469 nupsit
657 3404 677 3450 1²

694 3497 704 3522 0

387 3718 441 3739 m..
559 3708 759 3739 ..-m-Qu..
