2392 3862
315 235 630 292 DECLAMATIONES.
650 235 815 292 cccxxiii.
978 235 1044 301 269

84 401 181 466 nibus
204 400 367 466 flammas:
389 421 469 465 num
491 399 595 484 igitur
617 399 722 464 facere
745 400 951 466 securitatem
971 400 1047 466 eivi-

84 491 146 554 tati
169 492 288 574 potest,
311 489 339 554 ai
362 489 434 572 quis
453 487 540 554 faces
561 489 844 554 eiusextinxerit?
866 488 1048 554 nonhabet

84 599 168 643 nunc
197 599 300 660 arma,
318 577 395 642 ¹non
415 576 516 643 habet
540 580 744 662 apparatum:
777 577 833 642 sed
856 576 958 642 habet
981 579 1048 642 ani-

84 688 183 732 mum.
1056 706 1068 725 .

149 753 219 820 Neo
238 754 319 819 mihi
336 754 398 819 hoc
416 754 496 819 setis
515 757 566 819 est
580 755 769 839 adprobare,
782 755 912 836 iudices,
933 759 1046 838 tyran·
1066 772 1081 820 τι

84 866 164 909 num
187 843 341 925 futurum,
360 842 427 908 'nisi
450 842 532 908 illud
548 865 682 935 quoque,
695 846 770 908 ante
789 843 901 908 oeulos
920 846 1046 909 vestros
1089 901 1093 906 .

86 953 239 1019 posuero,
275 932 379 1016 qualis
416 932 460 997 sit
497 932 625 997 futurus
654 936 821 1017 tyrannus.
866 931 964 996 ullius
994 930 1047 996 hie

85 1024 197 1104 parcet
224 1021 363 1105 corpori,
396 1021 451 1106 qui
480 1024 607 1106 patrem
633 1021 838 1099 trucidavit?
867 1020 965 1085 ullius
993 1019 1047 1086 hie

85 1109 229 1174 criminis
253 1112 328 1193 aget
351 1109 590 1193 verecundiam,
615 1109 670 1193 qui
692 1109 901 1194 parricidium
924 1108 1047 1194 profea-

84 1220 139 1262 sus
168 1201 218 1283 est
244 1198 277 1262 in
306 1198 480 1264 contione?
518 1199 571 1282 qui
595 1196 740 1282 gladium
763 1196 856 1263 illum
880 1201 1044 1263 cruentum
1067 1215 1100 1263 10

86 1286 329 1370 stillantemque
353 1286 512 1371 sanguine
536 1286 704 1352 ostendere
728 1286 849 1371 populo
873 1309 941 1352 non
957 1308 1047 1363 recu-

84 1374 189 1440 savit?
218 1375 296 1460 quid
320 1375 376 1440 ille
400 1374 552 1440 menibus
572 1374 748 1460 imperabit
771 1375 896 1458 alienia,
918 1379 1047 1440 tantum

87 1463 154 1529 suia
177 1463 318 1529 ausuo‘?x
363 1466 365 1471 ’
946 1494 948 1500 ·

333 1730 334 1735 ,
447 1641 676 1725 cccxxm.

260 1778 465 1847 Alexander
487 1782 664 1866 templum
687 1782 863 1849 dedicans.
1068 1800 1100 1848 15

85 1905 149 1982 QUI
172 1922 279 1973 nourr
303 1923 399 1972 orum
419 1923 578 1991 uenam,
602 1923 730 1972 οΑΡΙΤΕ
749 1926 936 1972 ΡΠΝΙΑΤΠΒ.
971 1908 1047 1973 Ale·

173 1993 295 2060 xander
318 1995 406 2061 bello
429 1996 578 2061 Athenas
602 2018 675 2061 cum
693 2001 866 2081 premeret,
888 1996 1047 2081 templum

175 2086 267 2148 extra
293 2106 403 2149 muros
427 2085 573 2168 positum
596 2084 748 2150 incendit.
793 2084 980 2168 pestilentia
1002 2085 1048 2150 la·

174 2171 289 2237 horare
308 2173 424 2257 eoepit.
458 2194 650 2256 responsum
670 2178 727 2258 est,
750 2195 818 2238 non
836 2193 932 2259 posse
951 2173 1047 2257 finiri,

175 2259 238 2324 nisi
273 2263 432 2346 templum
469 2261 674 2326 restituisset.
734 2261 888 2350 restituto
924 2261 1047 2345 templo
1067 2278 1101 2326 20

177 2349 386 2434 Atheniensis
411 2350 561 2415 sacerdos
578 2350 763 2417 Alexandro
786 2351 962 2437 pollicente
986 2350 1047 2416 dis·

174 2459 340 2504 cessurum
363 2461 398 2504 se
422 2439 463 2503 ab
487 2439 599 2525 armis,
628 2440 655 2504 si
682 2439 854 2526 dedicaret,
877 2439 1048 2506 dedicavit.

174 2525 324 2592 discessit
355 2528 396 2593 ab
425 2528 592 2594 obsidione
620 2529 824 2595 Athenarum
852 2528 1047 2596 Alexander.

175 2613 295 2681 dicitur
318 2617 467 2682 sacerdos
489 2617 579 2683 hosti
601 2639 695 2703 opem
719 2619 841 2685 tulisse.

481 2812 654 2879 SERMO.
905 2838 908 2848 ⁴
1066 2827 1100 2878 25

152 2935 259 3012 Quam
281 2940 391 3020 potest
414 2937 558 3002 maxima
576 2936 734 3021 religione
753 2937 894 3003 iudicum
913 2939 1048 3022 implen-

85 3024 145 3090 dus
173 3025 299 3089 enimus
329 3028 387 3090 est.
432 3047 510 3090 nam
537 3029 570 3089 et
594 3025 743 3091 sacerdos
766 3048 841 3091 reus
865 3030 971 3090 estet
994 3025 1048 3090 da·

83 3116 137 3178 tur
161 3114 190 3178 ei
214 3113 354 3197 crimini,
388 3113 473 3197 quod
498 3113 693 3178 dedicaverit
715 3115 872 3198 templum
896 3116 939 3195 et,
964 3113 1048 3196 quod

84 3202 297 3267 utilissimum
326 3207 358 3265 et
387 3223 502 3267 causae
531 3202 630 3267 etiam
658 3203 752 3268 facile
781 3207 844 3285 eat,
876 3201 937 3266 hoc
966 3206 1048 3266 tem-

157 3382 173 3430 o
192 3375 298 3431 iudicii
317 3382 340 3429 A
358 3379 367 3449 ll
386 3382 402 3432 8
421 3377 546 3432 trucidat
562 3380 584 3429 B
602 3379 611 3448 ΙΙ
631 3385 664 3433 10
688 3379 731 3433 est
749 3377 817 3445 quin
836 3378 908 3431 cont.
927 3381 969 3429 Ae
985 3378 996 3447 ss
1015 3383 1047 3432 11

85 3448 253 3518 sanguinem
270 3450 315 3518 ΒΗ
331 3455 363 3504 12
382 3449 533 3519 imperavit
550 3451 672 3518 ΔΒ1127
690 3468 717 3504 rc
733 3447 788 3503 etei
801 3464 855 3504 sao.
865 3451 906 3501 Ab
919 3448 929 3517 ΙΙ
943 3453 1048 3504 tri-28

84 3519 169 3574 datur
194 3520 223 3573 et
242 3537 278 3575 cr.
298 3521 342 3591 'll
357 3524 390 3574 28
410 3521 548 3589 templum
566 3524 657 3576 οἵω
