2392 3862
374 210 692 268 DECLAMATIONES.
722 212 835 270 COOIX.
1016 216 1082 282 215

524 425 675 493 ccclx.
765 461 768 465 -

421 549 560 633 Raptor
582 550 777 618 convietus.
1003 640 1005 644 v
1099 551 1119 603 ὅ

118 692 247 757 Educta
280 693 321 756 ad
353 694 581 777 magistratum
613 694 842 779 adulescentia,
874 717 980 780 aquo
1009 719 1081 763 esse

207 781 326 845 vitiata
348 781 523 861 dicebatur,
545 783 677 865 nuptias
702 783 838 867 optavit.
869 782 924 847 ille
946 787 1081 870 negavit

209 891 243 932 se
266 869 423 952 rapuisse.
455 870 572 935 iudicio
591 870 767 936 contendit.
799 870 903 936 vietus
922 876 981 937 est.
1014 895 1081 939 non

207 961 335 1021 recusat
358 957 482 1024 ducere.
518 958 576 1023 illa
600 963 714 1042 optare
737 959 816 1024 vult.

514 1132 687 1200 SERMO.
735 1146 738 1151 ’

184 1255 280 1321 Aetio
304 1257 437 1322 debebit
453 1257 550 1322 huius
570 1258 786 1322 adulescentis
806 1279 876 1323 esse
896 1259 1078 1325 summissa.

115 1366 193 1408 nam
216 1345 346 1409 etiamsi
368 1345 457 1409 nullo
480 1345 624 1410 themate
648 1347 688 1410 ad
710 1346 743 1411 id
767 1347 935 1430 alligatur,
964 1350 1001 1412 ut
1023 1370 1079 1412 ne-

116 1453 205 1497 eesse
230 1433 274 1496 sit
297 1455 369 1496 eum
392 1436 556 1516 raptorem
579 1434 691 1519 videri,
714 1435 762 1498 rei
784 1439 895 1499 tamen
917 1435 1077 1502 iudicatae
1099 1450 1132 1500 10

116 1520 222 1584 faeere
250 1522 504 1586 controversiam
532 1536 598 1595 non
625 1526 748 1607 potest:
781 1527 815 1588 et
838 1524 967 1588 videtur
997 1525 1078 1589 mihi

115 1608 202 1673 hune
229 1609 360 1674 modum
388 1610 548 1675 eustodire
576 1611 704 1694 debere,
741 1620 778 1677 ut
805 1612 844 1677 de
872 1617 971 1697 raptu
993 1613 1078 1678 nihil

114 1700 226 1781 neget,
249 1697 334 1762 nihil
356 1701 467 1763 tamen
490 1700 581 1764 seiat.

434 1872 773 1940 DEOLAMATIO.

180 1996 257 2061 Non
281 1997 378 2078 aliud,
400 1997 532 2081 iudices,
555 2000 613 2061 aut
636 2017 750 2062 causae
773 2019 865 2062 meae
888 1999 997 2080 aptius
1021 2001 1079 2062 aut
1098 2011 1132 2061 15

112 2084 324 2148 verecundiae
342 2085 562 2148 necessarium
580 2085 686 2168 magis
707 2087 765 2166 est,
787 2106 884 2168 quam
898 2087 936 2148 ut
950 2085 1078 2169 puellae

113 2171 309 2237 mitissimae
342 2172 677 2255 clementissimaeque
704 2172 829 2256 gratias
858 2193 969 2257 agam:
1005 2173 1078 2257 lege

112 2259 323 2346 permittente
352 2281 483 2326 omnem
505 2260 541 2323 in
563 2281 615 2324 me
638 2263 835 2343 potestatem
859 2263 972 2344 optare
995 2283 1078 2346 nup-

111 2349 178 2413 tias
203 2349 302 2412 etiam
324 2349 504 2432 festinavit,
525 2349 669 2413 nondum
694 2371 746 2412 me
764 2352 911 2433 rogante,
933 2350 1077 2415 nondum

113 2435 271 2522 (indicare
295 2439 381 2501 enim
405 2437 595 2521 simpliciter
617 2458 748 2501 neeesse
773 2433 837 2524 est)
862 2438 978 2502 saltem
1001 2461 1076 2504 eon·
1096 2454 1131 2503 20

112 2525 242 2608 fitente,
264 2527 312 2590 ita
334 2526 445 2608 facile,
468 2527 515 2591 ita
538 2526 701 2609 celeriter,
724 2528 762 2590 ut
784 2526 838 2590 vix
861 2525 944 2590 mihi
966 2529 1078 2593 verisi-

112 2613 191 2678 mile
213 2614 394 2698 videretur,
425 2614 516 2678 illam
540 2615 691 2679 iniuriam
716 2615 886 2696 accepisse.
922 2613 1077 2680 Proxima

115 2702 156 2766 ab
175 2701 236 2767 hae
255 2704 434 2786 gratiarum
454 2703 582 2768 actione
601 2703 698 2767 debet
717 2723 788 2767 esse
807 2701 980 2768 confessio:
1004 2725 1077 2787 pee-

113 2810 205 2854 easse
238 2812 303 2875 me,
337 2790 423 2875 quod
455 2791 687 2874 dubitaverim,
720 2790 837 2855 fateor.
883 2791 961 2874 quid
989 2793 1076 2855 enim

111 2878 194 2942 mihi
222 2880 411 2963 contingere
440 2879 616 2962 optabilius
639 2882 804 2963 potuerat,
832 2880 933 2943 etiam
957 2880 984 2942 si
1006 2901 1075 2944 non
1095 2890 1130 2940 25

111 2967 317 3049 rapuissem?
360 2968 416 3032 sed
443 2967 539 3032 huius
567 2967 811 3051 qualiscumque
839 2968 953 3051 eulpae
985 2987 1077 3030 meae

111 3075 186 3138 spes
219 3057 325 3121 omnis
358 3056 394 3120 in
426 3056 535 3120 animo
568 3055 665 3120 istius
699 3058 761 3139 est,
795 3076 877 3139 quae
905 3055 1077 3136 ignoscere
1134 3056 1139 3064 '

113 3143 208 3208 solet.
241 3144 480 3229 quantumlibet
495 3143 743 3209 contradicendo
758 3142 949 3231 peeayerim,
968 3139 1075 3202 minus

184 3341 200 3389 6
219 3335 270 3390 illa
288 3333 432 3408 (iterum)
450 3338 508 3405 opt.
527 3353 554 3390 v.
569 3333 634 3390 Aer.
649 3336 688 3405 l⁸
706 3332 789 3387 huius
808 3323 859 3386 oia.
874 3335 896 3382 A
909 3329 948 3399 119
965 3327 1013 3384 all.
1027 3331 1078 3385 aut

111 3422 171 3460 nee.
185 3411 208 3458 A
222 3406 231 3475 Η
247 3413 279 3460 16
298 3405 467 3461 verecundia
485 3407 529 3475 ³l
545 3411 576 3460 17
596 3405 689 3474 legem
708 3409 730 3456 A
752 3404 762 3473 Ιί
786 3408 819 3455 19
842 3401 967 3455 nondum
989 3400 1078 3457 intet-

110 3479 229 3545 rogante
247 3480 267 3529 B
291 3477 300 3546 Η
323 3482 357 3530 20
376 3476 518 3531 indicante
537 3482 577 3529 Aa
595 3477 604 3549 [Ι
622 3472 792 3548 suppliuiter
806 3476 832 3526 B
846 3474 918 3544 tatu
934 3466 1163 3640 putam„
