2392 3862
112 216 178 270 VIII
479 215 696 272 PRAEFATIO.

113 370 282 428 atramento
300 387 329 426 u.
351 365 490 426 Ceterum
509 367 600 426 etiam
619 367 693 427 alias
713 371 906 447 correcturas,
925 373 1073 446 quatenus

113 466 152 525 ad
178 465 281 525 literas
305 464 472 542 singulares
499 465 665 543 pertinent,
687 465 776 525 facile
803 467 998 527 concesserim
1027 469 1074 528 illi

114 563 273 623 recentiori
304 563 407 625 manui
439 563 550 623 deber-i.
600 561 836 632 Quaternionum
869 567 900 623 et
931 564 1073 625 foliorum

113 678 255 719 numerus
279 661 388 736 plenus
410 659 538 724 ridetur.
584 659 724 719 Fortasse
760 661 792 719 in
828 660 886 721 fine
919 659 1074 738 Calpurnii

113 756 212 815 Flacci
235 755 337 832 aliqua
367 756 597 834 interciderunt3
626 756 679 817 aed
703 755 880 826 Quintiliani
902 758 999 834 prima
1022 760 1072 819 dc-

114 854 253 914 clamatio
268 854 347 930 quod
360 853 468 918 mimae
483 857 538 927 est,
555 872 678 918 numero
695 855 758 914 244
774 857 894 932 notata,
914 859 945 924 et
957 856 1073 932 priores

116 971 218 1012 omnes
241 951 457 1029 desiderantur,
481 951 520 1030 ad
538 952 735 1026 archetypum
753 951 864 1023 librum
883 953 1073 1023 referendum

114 1054 168 1109 est.
199 1047 284 1118 Quod
302 1049 389 1109 docet
407 1048 589 1124 subscriptio
607 1048 661 1106 illa
679 1049 789 1120 „habet
803 1041 999 1127 (archetypus
1018 1045 1074 1131 sc.)

115 1147 267 1223 hucusque
286 1146 502 1207 commoversias
520 1163 644 1205 numero
662 1144 811 1213 cxamf‘
833 1147 919 1215 ldem
937 1166 973 1207 ex
990 1148 1072 1223 prio·

113 1263 180 1302 rum
211 1243 390 1320 paginarum
427 1243 597 1303 condicione
630 1245 731 1319 potest
762 1244 873 1320 colligi
926 1245 1073 1321 Pleraque

115 1343 193 1401 enim
221 1341 333 1400 habeut
355 1359 415 1399 non
442 1339 595 1415 continua,
623 1340 676 1406 sed
702 1342 863 1409 verborum
890 1360 925 1410 ac
953 1346 1072 1402 senten·

114 1439 226 1498 tiarum
244 1439 416 1515 fragmenta
433 1439 562 1514 tantum,
585 1437 664 1495 inter
687 1455 762 1512 quae
782 1436 819 1496 de
837 1438 960 1506 consilio
979 1457 1075 1508 vacua

116 1535 221 1594 relicta
254 1538 324 1595 suut
351 1533 462 1610 spatia,
489 1533 608 1610 punctis
636 1532 775 1602 distenta.
820 1533 958 1610 Apparet
981 1536 1014 1594 in
1038 1555 1074 1596 eo

115 1631 291 1708 exemplari,
314 1649 351 1690 ex
373 1649 431 1706 quo
453 1629 540 1688 fluxit
563 1628 654 1696 codex
671 1630 708 1703 A,
731 1630 847 1707 aliquot
865 1631 992 1708 paginas
1010 1652 1073 1694 cor·

116 1732 221 1803 ruptas
240 1731 330 1805 atque
349 1745 483 1789 corrosas
502 1726 603 1791 fuisse.
633 1725 737 1812 Neque
756 1730 858 1786 tamen
875 1729 1003 1796 interius
1022 1749 1074 1805 pe-

113 1829 247 1885 netrasse
279 1827 376 1886 tineas
412 1823 646 1886 existimaverim
677 1824 838 1902 pluraque,
874 1845 965 1901 quam
998 1847 1073 1903 quae

113 1923 266 2001 habemus,
289 1924 363 1983 adeo
387 1922 530 1982 mutilata
551 1920 583 1979 in
606 1922 769 1999 archetypo
789 1923 948 2001 exstitisse,
969 1944 1075 2002 neque,

114 2025 150 2080 ut
173 2021 351 2099 exstiterint,
374 2020 452 2079 illud
474 2019 613 2082 futurum
635 2019 741 2096 fuisse,
768 2024 804 2079 ut
829 2020 862 2084 in
888 2020 982 2080 alium
1004 2021 1074 2080 inde

115 2118 226 2177 librum
250 2139 268 2178 a
291 2118 414 2179 librario
437 2115 718 2183 transcriberentur.
761 2115 911 2194 Ceterum,
935 2121 969 2178 ut
993 2123 1075 2178 recte

116 2216 160 2274 ait
177 2216 351 2291 Bursianus‚
369 2215 467 2292 prima
485 2213 594 2277 codicia
612 2214 725 2290 pagina
742 2233 818 2290 quae
837 2214 999 2282 finiebatur
1012 2217 1074 2279 illis

113 2331 219 2388 „asper
242 2315 363 2373 exactor
380 2356 388 2370 .
408 2358 415 2372 .
435 2308 460 2372 .“
482 2304 527 2390 (4,
547 2303 581 2389 3)
603 2313 635 2369 et
660 2310 761 2370 ultimi
782 2311 849 2376 lolii
871 2329 982 2386 magua
1004 2329 1076 2387 pars

115 2409 204 2469 hodie
227 2409 331 2486 nequit
353 2407 423 2484 legi.
459 2407 628 2467 Plurimum
650 2409 852 2473 atramentum
875 2406 997 2482 insuper
1018 2407 1074 2467 dif-

117 2506 218 2566 fusum
247 2508 278 2577 et
304 2505 428 2581 pulvere
456 2505 628 2580 concretum
655 2502 763 2568 calam
789 2505 906 2577 mactus
929 2503 1075 2574 delevisse

114 2595 278 2682 videtur.*)

184 2699 314 2768 Exstant
327 2703 429 2775 autem
442 2700 475 2761 in
484 2699 584 2767 codice
593 2700 714 2774 praeter
722 2697 817 2761 verba
825 2697 1075 2772 declamationum

115 2815 346 2874 sermonumque
364 2797 505 2858 continua
524 2799 555 2855 et
573 2795 672 2872 capita
689 2794 939 2855 declamationum
958 2798 989 2855 et
1008 2797 1075 2855 sub·

18 2956 21 2964 ,
115 2894 307 2970 scriptionem
329 2894 416 2968 illam
437 2894 543 2955 breves
562 2896 651 2961 notae
669 2911 730 2952 non
747 2910 868 2971 paucae,
891 2892 922 2969 iu
940 2896 1076 2972 margine

115 2984 277 3070 (extumere
299 2983 492 3071 praesertim)
516 2990 686 3067 adscriptae
709 2989 828 3066 generis
850 2989 935 3062 varii.
978 2989 1074 3050 Perti-

116 3091 190 3147 nent
214 3087 293 3163 enim
315 3087 393 3159 aliae
416 3087 540 3163 adres,
563 3088 641 3147 aliae
664 3087 704 3146 ad
727 3085 832 3163 verba,
855 3081 934 3146 aliae
956 3087 995 3146 ad
1017 3088 1075 3148 dis-

116 3185 296 3261 positionem
327 3186 504 3247 oratoriam:
541 3183 603 3244 illis
635 3185 738 3244 lumen
768 3184 890 3261 aliquod
922 3186 1075 3260 orationis,

117 3281 325 3356 translatoris,
358 3300 449 3360 quam
477 3282 590 3344 Seneca
613 3273 644 3365 (I
662 3302 706 3359 pr.
727 3275 783 3363 23)
811 3281 896 3358 dicit,
926 3282 1076 3349 sententia

185 3434 211 3503 Ι”)
230 3434 315 3505 Legit
332 3436 361 3490 et
380 3432 529 3505 descripsit
545 3433 667 3503 primam
684 3432 819 3503 pagiuam
834 3432 966 3488 Pithoeus
980 3431 1011 3486 in
1025 3448 1076 3489 sua

112 3504 240 3561 editione
259 3504 305 3575 (ci.
324 3523 351 3576 p.
368 3504 466 3577 XXII).
