2392 3862
320 208 322 212 ’
342 212 660 274 DECLAMATIONES.
680 217 846 274 cccxxlx.
1009 219 1072 284 137

115 380 234 464 dicore,
261 380 348 446 istud
377 381 464 466 quod
497 379 576 444 iecit
608 381 745 447 meritus
775 381 951 447 nonlicet.
997 381 1075 447 alic·

112 470 168 555 qui
192 470 278 534 enim
300 469 563 533 ttolerab-iliuse
548 471 671 533 tcerte
694 468 867 534 humanius
887 474 966 554 erat,
943 471 1074 535 tarbi-

109 559 210 624 trium
243 558 296 623 vel
329 556 495 623 occidendi
528 555 618 621 adult
603 557 666 621 teri
698 558 750 621 vel
779 563 911 642 accepte
936 559 1074 642 pecunia

112 647 208 711 dimit
209 646 299 711 tendi
317 645 489 711 transferri
505 644 545 710 ed
559 649 680 747 patres,
700 647 855 729 quoniam
873 650 958 712 certe
971 647 1074 712 levius

114 742 165 801 est
187 739 242 800 vet
244 756 299 800 cre
322 734 441 817 aliqua,
465 755 562 817 quem
585 733 1110 820 puniret

180 857 234 922 Sic
262 857 497 943 defenderetur,
526 859 554 923 si
581 859 650 923 iure
673 863 782 923 tecum
806 861 926 943 ageret.
971 859 1073 943 ipsius

112 968 190 1011 vero
218 946 299 1011 facti
326 947 378 1012 vel
403 947 465 1012 hoc
493 946 589 1011 modo
619 947 779 1012 rationem
804 947 899 1012 facile
921 946 1073 1011 reddidis-

113 1056 197 1099 sem:
220 1039 358 1100 nonest
381 1035 467 1101 istud
490 1039 594 1120 turpe,
618 1035 704 1120 quod
727 1036 780 1100 lex
802 1035 973 1119 permittit.
1004 1057 1074 1118 „ao

114 1126 208 1206 cepta
229 1123 367 1206 pecunie
390 1123 573 1189 dimisisti.“
594 1123 659 1188 nisi
678 1127 852 1208 oporteret,
874 1145 934 1189 nec
952 1123 1075 1189 liceret.

113 1233 155 1276 an
185 1233 262 1277 vero
285 1234 401 1297 parum
424 1213 529 1278 sancti
552 1212 603 1277 illi
626 1211 777 1277 videntur
800 1212 902 1277 fuisse
925 1213 1074 1296 maiores,
1095 1226 1130 1299 ιο

112 1300 160 1364 illi
192 1302 424 1366 constitutores
456 1301 550 1382 iuris,
583 1302 637 1386 qui
672 1301 822 1366 civitates
851 1300 956 1366 cdhuc
986 1302 1076 1366 velut

113 1389 247 1472 antiquo
271 1388 329 1453 illo
354 1410 461 1453 errore
485 1390 635 1454 confusas
660 1389 699 1455 ad
720 1393 843 1455 certem
860 1388 992 1455 vivendi
1010 1389 1074 1455 for-

115 1498 203 1540 mem
226 1476 442 1561 redegerunt?
483 1477 549 1542 illis
577 1499 643 1543 non
672 1481 722 1543 est
749 1478 856 1543 visum
878 1478 969 1543 nefas
993 1479 1075 1543 ccci·

110 1586 188 1650 pere
219 1566 404 1649 pecuniam,
443 1565 500 1631 sed
533 1570 566 1631 et
597 1567 682 1632 hanc
714 1567 844 1650 plenem
872 1567 1076 1631 animadver-

112 1653 233 1718 sionem
265 1657 474 1757 putaverunt·
521 1655 604 1720 sicut
644 1656 797 1740 pleraque
830 1655 949 1721 delicte
914 1655 1073 1739 tpuni-
1095 1668 1128 1718 ιι

110 1745 222 1806 untur:
249 1763 352 1826 neque
381 1742 467 1807 enim
496 1764 623 1828 semper
649 1765 750 1828 usque
779 1743 820 1808 ud
842 1746 981 1808 mortem
1003 1765 1075 1827 per·

111 1831 237 1895 venitur
298 1828 402 1896 Credo
436 1835 492 1896 aut
493 1853 544 1897 em
580 1832 687 1915 illum,
720 1832 866 1916 quisquis
899 1831 962 1895 fuit
994 1831 1075 1915 legis
1142 1846 1146 1853 ’

115 1917 248 1983 huiusce
268 1920 390 1983 constit
391 1923 476 2002 utor,
498 1910 626 1985 illst
575 1924 626 1985 1nt
627 1943 664 1984 rc
684 1942 717 1984 sc
737 1920 909 2020 cogitasse,
926 1940 991 1984 non
1011 1939 1077 1982 om-

113 2007 204 2071 nium
229 2007 355 2081 animos
374 2008 566 2071 maritorum
585 2007 700 2072 durare
719 2008 759 2072 ed
779 2007 984 2091 sanguinem
1007 2027 1076 2070 esse

115 2093 273 2178 quosdam
297 2095 457 2178 mitiores,
485 2096 541 2177 qui
562 2116 604 2159 nc
627 2095 811 2178 conspicere
835 2095 964 2178 quidem
988 2115 1077 2160 cruo-
1096 2110 1131 2159 ιο

115 2203 185 2246 rem
210 2181 403 2246 sufficerent.
435 2183 531 2246 multi
555 2204 589 2248 se
613 2183 870 2269 agladiatorum
888 2182 1076 2248 vulneribus

115 2274 277 2353 evertunt,
300 2273 334 2335 et
355 2291 549 2356 quamquam
571 2292 667 2336 nemo
689 2271 816 2338 dubitet
834 2274 868 2336 et
885 2270 968 2335 illud
987 2289 1076 2357 spec-

112 2358 258 2424 taculum
286 2358 321 2422 in
348 2362 441 2444 purte
469 2381 540 2425 esse
566 2382 759 2445 poenarum,
786 2363 897 2426 temen
918 2361 1077 2444 nequissi-

116 2468 244 2512 morum
272 2469 399 2534 quoque
421 2448 590 2514 hominum
614 2471 764 2534 suprema
788 2450 932 2534 periculo
953 2449 1077 2515 habent

115 2557 208 2601 suem
232 2536 381 2620 gratiam.
416 2536 466 2602 De
487 2538 670 2622 spectaculo
688 2539 818 2622 loquor:
842 2538 1076 2623 cogitaverunt,
1095 2553 1131 2602 ιι

116 2627 236 2708 quanto
265 2629 350 2690 esset
377 2624 540 2691 difficilius
569 2627 728 2712 occidere3
756 2649 794 2691 ec
825 2627 968 2692 scierunt
989 2627 1074 2691 futu·

114 2733 196 2796 rum,
218 2716 256 2777 ut
279 2713 306 2777 si
328 2735 428 2778 unam
449 2715 534 2780 hanc
556 2716 672 2781 mortis
696 2724 840 2799 pocncm'
853 2719 967 2780 contre
986 2715 1075 2787 edulf

112 2803 201 2866 toros
232 2802 493 2886 constituissent,
524 2804 651 2888 saepius
674 2804 795 2888 inpune
818 2804 1076 2869 committeretur

114 2889 315 2955 adulterium.
365 2891 603 2956 constituerunt
631 2911 709 2976 ergo
737 2913 877 2974 poenem
905 2897 939 2956 et
965 2912 1075 2956 secun-

186 3141 200 3187 1
221 3134 348 3202 alioquin
365 3139 388 3186 Δ
407 3136 416 3202 ΙΙ
434 3140 449 3188 5
469 3137 566 3189 vetere
584 3140 625 3188 As
638 3137 647 3204 ss
666 3141 681 3190 6
702 3134 868 3191 defendetur
886 3132 961 3188 sed
953 3147 1012 3185 mre
1031 3130 1075 3200 ΒΗ

115 3210 130 3257 7
153 3221 219 3259 vero
242 3221 308 3259 vero
331 3209 354 3256 Δ
381 3207 390 3275 ΙΙ
417 3205 500 3261 modo
525 3205 771 3274 odorationemB,
803 3224 840 3259 m.
859 3205 896 3259 cd
919 3200 1076 3255 orationem

112 3278 165 3343 ΒΙΙ
189 3281 222 3330 10
240 3292 307 3329 vero
325 3292 377 3330 om
394 3278 505 3344 ΒΙΙ14
524 3276 574 3330 sed
592 3276 632 3347 et]
653 3277 702 3332 sed
721 3277 871 3345 etchn
889 3271 992 3343 he[n]c
1030 3289 1076 3329 oe·
1195 3327 1196 3330 ,

113 3347 204 3418 nn[m]
225 3346 261 3400 Pi
273 3347 284 3416 i
298 3345 547 3402 animadversionis
571 3350 628 3415 ΑΒ,
655 3363 726 3402 corr.
745 3346 790 3401 Ro
812 3348 822 3414 ΙΙ
846 3351 878 3401 16
898 3347 989 3399 necB
1041 3348 1075 3399 1‘1

133 3417 282 3473 erveniunt
298 3423 363 3484 ΔΒ,
382 3434 451 3472 corr
470 3416 515 3472 Ro
538 3419 547 3488 i
564 3423 599 3472 22
617 3419 763 3486 tamquam
781 3420 839 3484 ΔΒ,
858 3430 928 3472 corr
949 3415 1032 3473 Pe·-

111 3435 220 3544 iebent
238 3505 316 3543 suam
335 3459 385 3543 oin.
404 3488 449 3557 ΒΙΙ
463 3493 497 3542 29
516 3489 682 3564 secundam]
701 3487 865 3546 seruetur
1021 3494 1025 3503 “
