2392 3862
167 229 231 293 268
533 225 760 295 eumanum

167 392 290 457 feceris.
316 395 391 456 ante
410 391 520 456 omnia
539 392 663 477 gratias
683 388 929 475 magistratibus
949 410 1022 475 ago,
1046 393 1136 477 quod

166 503 231 544 non
255 480 505 564 deprehendisse
529 480 675 546 contenti
694 501 740 563 ea,
765 500 847 562 quae
866 478 1135 560 ostendebantur,

167 569 289 653 aliquid
312 573 345 635 et
373 569 438 654 ipsi
460 569 618 634 viderunt
664 568 786 654 gratias
815 588 878 654 ago
902 569 1002 633 etiam
1025 573 1136 653 provi-

168 658 298 723 dentiae
335 659 468 724 deorum
503 658 750 741 immortalium,
787 657 842 741 qui
874 678 1052 742 numquam
1085 661 1136 725 ita

132 747 310 831 copprimi
341 748 514 813 veritatem
542 748 729 829 voluerunt,
761 748 887 810 utnon
909 747 1135 831 magnisonis

166 836 316 920 vestigiis
345 837 510 903 emineret.
555 835 731 900 recitentur
757 834 819 899 hae
842 835 988 900 tabulae:
1021 837 1137 902 ›abdi-

168 926 247 990 cabo
271 929 335 991 tec.
378 947 444 991 non
466 926 541 1010 lego
566 924 742 1008 sequentia.
788 943 872 1013 nego
895 924 980 989 hane
1003 946 1076 990 esse
1098 926 1137 991 fi·

169 1014 297 1079 duciam
323 1015 402 1099 eius,
425 1014 482 1100 qui
504 1014 544 1079 dc
563 1012 755 1078 adfectanda
773 1013 947 1096 tyrannide
966 1013 1136 1100 cogitavit

168 1126 209 1167 an
238 1103 294 1167 ille
322 1103 357 1167 in
379 1103 534 1168 iudicium
558 1123 674 1168 vocare
699 1122 796 1166 ausus
829 1100 947 1167 fuisset
979 1105 1013 1167 et
1040 1104 1136 1188 igno·

114 1209 148 1257 10
167 1192 269 1256 minia
292 1192 429 1257 adficere
452 1192 692 1257 adulescentem
715 1189 827 1255 omnia
850 1190 1028 1256 scientem?
1067 1215 1136 1259 non

167 1282 254 1344 enim
277 1281 426 1364 tyrannis
450 1280 670 1345 convincenda
691 1279 841 1364 uestigiis
864 1283 936 1344 erat
957 1301 1062 1366 neque
1084 1304 1136 1347 ar-

166 1371 331 1454 gumentis
353 1368 505 1433 eruenda:
530 1367 618 1432 domi
642 1390 742 1450 arma,
765 1366 852 1432 domi
876 1372 1064 1453 apparatus.
1101 1376 1136 1436 et

167 1459 196 1520 si
231 1458 316 1521 hanc
349 1479 480 1522 causam
513 1455 684 1521 abdicandi
715 1459 747 1521 te
778 1478 844 1521 non
875 1456 1004 1540 habuit,
1041 1458 1133 1525 dieas

167 1550 309 1628 oportet,
343 1566 440 1628 quam
472 1545 571 1609 aliam
599 1543 760 1609 habuerit.
809 1566 875 1610 non
904 1547 1135 1613 consentiebas

113 1650 146 1698 15
166 1633 311 1697 consiliis
344 1633 436 1698 eius?
459 1633 540 1698 .hoc
576 1634 684 1697 minus
715 1638 749 1697 te
781 1633 921 1700 debebat
954 1635 1134 1702 offendere:

166 1721 230 1803 ille,
260 1722 287 1786 si
309 1727 343 1786 te
366 1725 532 1807 tamquam
556 1721 695 1791 indicem
718 1723 896 1807 timuisset,
919 1724 1027 1808 potuit
1051 1726 1134 1790 occi·

166 1810 249 1874 dere.
287 1811 368 1876 satis
393 1831 470 1896 ergo
493 1811 626 1895 plenum
648 1812 700 1876 vel
723 1811 785 1875 hoc
808 1815 879 1876 erat
902 1817 1135 1896 argumentum

165 1899 383 1986 innocentiae,
411 1901 569 1966 severitas
593 1905 626 1965 et
643 1899 797 1965 vindicta.
843 1900 920 1985 quid
942 1906 1055 1966 tamen
1078 1903 1134 1968 ad-

166 1989 286 2054 iectum
302 1989 374 2055 est?
393 1990 444 2055 »si
462 1989 678 2074 responderis,
697 2010 812 2052 causas
830 1989 1012 2067 indicabo«.
1036 2013 1134 2076 quae·

112 2094 146 2143 20
164 2078 228 2145 rite
250 2101 345 2162 nunc,
368 2082 441 2144 uter
459 2079 565 2144 malae
585 2079 630 2143 sit
648 2077 873 2143 conscientiae.
903 2078 960 2143 ille
978 2079 1133 2147 minatur.

166 2188 223 2231 eur
250 2169 351 2233 taceri
379 2167 505 2233 voluit?
548 2167 703 2252 quoniam
731 2169 826 2249 pater
858 2171 941 2248 erat,
976 2169 1132 2251 quoniam

48 2301 50 2304 .
164 2256 342 2340 numquam
365 2257 401 2320 hi
424 2255 570 2320 adfectus
592 2256 627 2319 in
646 2258 775 2319 tantum
793 2254 965 2320 vincuntur
984 2255 1070 2340 odio,
1093 2263 1131 2321 ut

165 2365 230 2408 non
260 2343 300 2408 ad
328 2349 478 2409 naturam
507 2365 599 2408 suam
621 2347 732 2409 tamen
754 2346 968 2409 revertantur.
1005 2365 1132 2424 causas,

166 2452 246 2513 quas
279 2433 335 2495 ille
363 2454 399 2497 se
427 2432 587 2496 dicturum
614 2431 757 2496 minatus
787 2435 850 2514 est,
882 2437 918 2497 tu
948 2432 1132 2499 ostendisti.

111 2518 246 2583 achaeo
269 2540 361 2585 arma
384 2520 569 2584 detecturus
588 2523 668 2603 erat,
691 2520 720 2584 si
737 2520 972 2605 respondissem
994 2521 1056 2587 hos
1076 2544 1132 2608 ap·

165 2612 299 2690 paratus
322 2609 548 2691 protracturus
571 2607 606 2671 in
628 2608 781 2673 medium.

233 2693 321 2760 Satis
345 2717 502 2780 apparere
528 2697 680 2762 omnibus
700 2697 850 2782 arbitror,
873 2697 1069 2765 adfectatam
1089 2700 1132 2765 ab

165 2784 227 2849 hoc
250 2806 320 2848 esse
343 2784 557 2869 tyrannidem.
595 2807 756 2870 nequem
780 2789 889 2852 autem
913 2791 1057 2853 vestrum
1081 2809 1131 2854 se·

166 2894 277 2937 eurum
300 2873 401 2939 faciat
423 2874 494 2958 hoc,
518 2873 602 2958 quod
627 2870 797 2959 oppressa,
821 2874 906 2960 quod
929 2875 1132 2961 deprehensa

112 2966 216 3029 adest
247 2963 409 3047 tyrannis:
442 2966 618 3046 apparatus
651 2964 737 3028 enim
765 2965 827 3029 iste
857 2967 998 3030 testatur
1022 2965 1131 3032 adule-

165 3053 284 3118 scentis
307 3055 458 3117 mentem.
494 3073 572 3117 num
594 3053 680 3118 latro
703 3051 925 3119 innocentiam
949 3053 1076 3138 accipit,
1102 3054 1132 3119 si

166 3142 236 3224 quis
260 3141 310 3205 illi
333 3139 476 3226 gladium
500 3140 713 3225 extorqueat?
741 3141 886 3208 minatur
904 3142 1025 3228 aliquis
1043 3164 1131 3209 moe·

236 3303 252 3351 8
272 3300 301 3353 et
319 3313 370 3352 om.
388 3300 410 3349 Β
424 3298 434 3365 ΙΙ
448 3302 464 3351 5
482 3295 659 3351 volantatem
676 3299 722 3368 ΒΙΙ
740 3299 829 3368 magis
848 3297 913 3370 Gru
928 3305 960 3355 11
978 3299 1131 3355 tirannis

165 3371 188 3418 Δ
206 3369 215 3434 ΙΙ
235 3373 268 3421 12
288 3371 404 3423 cruenta
421 3372 442 3420 B
460 3369 470 3439 i
490 3373 523 3423 13
542 3369 572 3422 te
590 3383 640 3422 om.
658 3372 679 3420 Β
698 3370 708 3439 ΙΙ
726 3375 760 3423 20
779 3371 953 3442 suntBlttl
971 3373 1066 3426 tacere
1083 3372 1130 3443 ΒΙΙ

164 3443 197 3490 23
216 3439 331 3492 tandem
350 3445 370 3491 1’
384 3441 393 3508 ΙΙ
412 3444 446 3493 25
465 3439 520 3495 hoc
537 3442 558 3490 Β
577 3441 587 3510 ΙΙ
604 3444 638 3493 2⁷
659 3439 788 3495 omnibus
806 3456 857 3496 cm.
875 3445 917 3495 Aa
929 3443 939 3512 ΙΙ
952 3446 1061 3497 27—28
1078 3442 1132 3499 ad

163 3507 218 3561 huc
236 3511 328 3577 31132
347 3509 504 3566 minaturus
522 3513 563 3563 Aa
581 3512 621 3580 (et
638 3509 702 3581 ΒΡ),
721 3511 843 3567 minatus
861 3517 911 3582 Ab,
930 3529 1000 3570 corr.
1018 3512 1064 3570 Ro
