2392 3862
353 200 674 258 DECLAMATIONES.
694 199 833 258 ccoer.
1010 201 1075 267 233

113 384 152 428 eo
180 363 290 447 modo,
318 386 382 448 quo
412 369 539 429 creatus
568 312 847 435 est.·seeundum
869 364 953 429 illud
976 384 1076 449 aeque

113 472 296 536 commune,
338 453 423 537 quod
459 453 568 517 nullas
606 452 789 518 simultates
827 457 980 519 executus
1016 457 1075 538 est,

112 540 240 606 nullam
267 562 359 624 spem
388 563 426 605 ex
454 541 550 622 caede
578 541 661 625 eius,
693 562 789 625 quem
816 541 957 607 occisum
985 563 1075 608 accu-

113 633 204 695 sator
232 629 393 714 queritur,
425 631 592 714 concipere
619 629 740 714 potuit:
773 634 806 695 et
836 629 942 695 officio
969 630 1076 714 inpul-

113 740 178 803 sus,
202 719 331 784 etiamsi
354 719 467 802 lapsus
491 723 554 802 est,
577 724 688 785 tamen
711 718 814 783 veluti
835 717 917 802 legis
937 706 1110 784 concilior

114 807 267 891 deceptus
295 810 354 871 est.
404 805 451 872 Ut
476 808 556 872 haec
590 807 788 891 communia,
819 807 868 871 ita
896 806 977 871 illud
1009 808 1075 872 iam

112 897 290 979 proprium,
304 896 427 977 quodsi
442 895 546 961 ullum
561 896 716 962 adversus
732 895 820 961 hunc
835 895 1076 962 adulescentem

113 983 283 1048 habuisset
314 984 423 1050 odium
454 986 682 1070 magistratus,
713 985 819 1070 magis
849 985 979 1049 insania
1007 984 1075 1050 eius

113 1072 348 1138 vindicabatur.
371 1073 427 1152 sie,
447 1095 520 1139 cum
539 1075 587 1139 ita
605 1074 850 1158 praeparaverit
869 1094 1009 1158 causam,
1027 1073 1074 1136 in·

113 1161 194 1244 cipit
216 1160 255 1225 de
277 1161 346 1226 iure
370 1184 428 1228 suo
451 1162 551 1247 loqui.
1095 1177 1128 1228 10

419 1307 759 1407 'ouounuurio

181 1461 439 1548 Magistratus
477 1463 521 1528 de
558 1463 736 1529 confesso
770 1469 895 1529 sumat
928 1464 1076 1548 suppli-

114 1552 221 1616 cium.
275 1551 400 1616 Durum
430 1552 647 1618 ministerium
676 1556 710 1618 et
736 1552 910 1618 iniucunda
942 1553 1075 1618 honoris

113 1639 209 1705 huius
232 1641 417 1706 necessitas.
463 1640 519 1706 sed
546 1642 617 1725 quis
645 1640 762 1725 potius
784 1643 872 1728 leges
900 1645 1076 1726 exequetur

114 1732 146 1795 et
169 1728 338 1795 hominum
361 1730 544 1815 commissa,
574 1730 639 1795 nisi
663 1732 719 1814 qui
741 1751 810 1795 rem
832 1731 997 1816 publicam
1021 1731 1128 1795 ad-15

113 1818 322 1884 ministraret?
344 1840 439 1884 nemo
460 1819 549 1884 istud
571 1818 695 1885 faceret
715 1818 865 1903 libenter,
885 1818 951 1883 nisi
969 1839 1076 1883 neees-

114 1907 221 1972 sitate.
245 1927 322 1992 ergo
345 1928 413 1972 non
437 1908 543 1972 solum
566 1907 660 1972 licuit
682 1907 765 1972 mihi
788 1906 932 1973 occidere
952 1905 1076 1970 confes·

114 2017 196 2078 sum,
219 1996 275 2059 sed
299 1994 407 2078 etiam,
430 1995 459 2059 si
481 1996 614 2080 nollem,
636 2016 767 2060 necesse
790 1994 862 2059 fuit.

179 2082 365 2167 Videamus,
385 2103 427 2146 an
445 2082 502 2146 ille
521 2083 688 2148 confessus
708 2083 761 2147 sit.
783 2085 884 2147 testes
902 2083 1077 2165 praebeam

112 2169 231 2238 v‘obis'?
254 2174 326 2254 tota
349 2170 482 2235 civitate
505 2171 616 2238 audite
637 2191 701 2237 vox
726 2174 784 2236 est.
828 2192 870 2235 ne
891 2171 981 2255 ipsos
1006 2171 1075 2255 qui-
1095 2187 1129 2236 2ο

113 2261 188 2325 dem
208 2260 412 2324 accusatores
431 2262 608 2345 negaturos
627 2281 699 2325 esse
719 2258 854 2345 confido,
872 2259 974 2344 ipsius
988 2281 1077 2345 voce,

111 2350 216 2434 ipsius
245 2347 359 2433 lingua
387 2369 456 2413 erse
485 2348 607 2414 dictum
630 2369 713 2435 >ego
737 2353 783 2433 te,
809 2351 915 2434 pater,
938 2349 1076 2436 occidua

113 2444 146 2504 et
168 2458 233 2502 nou
259 2437 358 2501 semel
383 2436 514 2522 dictum,
536 2459 577 2503 ne
602 2461 696 2504 casus
719 2437 891 2505 videretur.
917 2439 1076 2524 „atenim

113 2526 272 2593 confessio
300 2525 451 2592 habenda
477 2548 544 2593 non
570 2530 633 2612 est,
660 2527 725 2592 nisi
748 2549 831 2612 quae
854 2550 874 2592 a
898 2549 978 2594 sano
1001 2550 1076 2614 pro-

112 2612 295 2682 ficiscitur.“
315 2611 393 2680 Non
406 2615 510 2702 video,
534 2639 591 2682 cur
610 2616 651 2681 ad
670 2616 753 2682 hane
771 2616 1074 2703 interpretationem
1093 2631 1127 2682 ao

113 2704 292 2771 deducatur
309 2703 360 2769 vis
378 2704 474 2770 istius
492 2705 593 2790 verbi,
612 2704 698 2790 quod
717 2705 789 2792 lege
806 2705 1074 2791 comprehensum

114 2791 172 2860 est.
218 2814 279 2879 ego
308 2793 395 2858 enim
424 2793 659 2859 confessionem
687 2794 835 2860 existimo
860 2795 1075 2879 qualemcum-

113 2904 175 2968 que
199 2883 312 2947 contra
331 2903 366 2946 se
384 2883 697 2968 pronuntiationem
719 2904 778 2947 nec
797 2905 849 2948 me
869 2883 1007 2948 scrutari
1021 2883 1075 2947 lex

112 2971 217 3056 iubet,
243 2992 307 3055 qua
330 2971 402 3055 quis
425 2993 524 3036 eausa
546 2971 712 3036 coufessus
737 2972 790 3036 sit.
834 2972 933 3036 immo
958 2992 996 3034 ea
1018 2991 1074 3033 na·

185 3131 286 3196 MR,
306 3126 355 3197 qui
373 3130 446 3197 Pub
464 3129 541 3197 leges
560 3132 616 3196 AB,
635 3127 820 3197 corruatur
840 3127 892 3180 *ut
910 3129 958 3177 ΑΒ
972 3123 1075 3193 nillum

111 3203 152 3252 Aa
174 3201 184 3266 ΙΙ
208 3206 223 3253 9
241 3197 433 3253 vindicabitur
451 3203 516 3252 AaB
543 3202 552 3269 ΙΙ
579 3199 676 3266 ein,
694 3197 741 3253 hic
759 3200 817 3254 Aer
843 3200 853 3267 ΙΙ
880 3200 968 3249 9-10
986 3193 1074 3249 *inci-

111 3268 214 3343 pi<e>t
233 3268 270 3338 (2)
284 3271 294 3338 ΙΙ
309 3275 342 3324 10
361 3269 421 3326 viro
439 3275 460 3323 B
479 3272 489 3339 ss
508 3276 540 3324 13
559 3267 710 3325 iniucunda
723 3274 765 3322 Aa
777 3271 787 3337 n
801 3274 835 3322 14
854 3265 1000 3346 exequitur
1017 3269 1074 3334 ΑΒ,

112 3357 181 3397 corr.
202 3340 260 3396 Aer
286 3341 296 3409 ss
324 3346 429 3396 15-16
449 3339 699 3396 *administrarent
718 3338 754 3408 (2)
774 3344 826 3406 Aa,
852 3335 1077 3392 admrmetrarint

112 3414 165 3478 Ab,
194 3410 399 3467 administrarit
416 3417 449 3477 33
479 3411 657 3477 administrat
675 3411 723 3467 Ro.
742 3412 752 3480 ΙΙ
776 3415 808 3464 16
832 3407 924 3462 facere
942 3410 986 3461 ΔΒ
1009 3409 1020 3479 ss
1043 3414 1076 3467 1⁹
1147 3446 1150 3451 -

112 3482 186 3538 conf.
206 3484 250 3538 eet
268 3483 371 3538 testem
388 3486 480 3551 31122
499 3482 578 3550 ligna
596 3484 642 3552 Au
656 3488 689 3537 28
711 3488 742 3534 Ν
764 3485 786 3533 Δ
1035 3454 1153 3636 4.
