2392 3862
153 215 218 280 114
505 212 735 280 QUINTILIANI

152 378 390 445 controversiae
422 378 578 443 maiorem
606 376 769 442 cumulum
799 375 937 441 habent:
970 376 1115 441 occisum

150 466 349 552 praesidium
373 470 407 531 et
430 487 603 551 oppressus
621 465 727 530 hostis
746 469 780 530 et
797 464 884 530 filius
902 463 958 529 illc
977 468 1011 528 et
1025 463 1116 547 <mu-

150 556 232 639 lier>
254 555 317 620 hac
340 576 438 620 causa
461 575 593 641 egressa
614 557 737 639 portas.
777 553 859 618 haec
880 552 1029 619 themata
1050 556 1117 618 tra·

152 644 270 710 otanda
303 647 380 708 suut
411 645 535 729 omnia3
563 643 619 708 sed
647 663 742 709 curae
771 642 970 727 habendum,
996 645 1034 708 ut
1057 663 1116 708 suo

119 749 135 799 5
155 732 296 817 quidque
319 733 391 798 loco
413 734 583 798 tractetur.

471 895 808 974 DECLAMATIO.

219 1016 290 1093 Qui
313 1015 471 1100 publica
495 1014 664 1082 consilia
686 1012 964 1099 enuntiaverit,
988 1015 1117 1099 capite

149 1106 348 1190 puniatur.

219 1193 358 1258 Possum
377 1192 498 1277 mirari,
515 1191 646 1276 iudices,
664 1190 727 1257 hac
745 1191 819 1278 lege
832 1213 923 1257 ream
938 1213 1010 1258 esse
1023 1190 1132 1259 femi

99 1298 131 1347 10
150 1304 240 1366 nam3
253 1281 516 1366 neque<id>ideo
530 1280 612 1365 dioc,
626 1281 780 1365 quoniam
793 1301 861 1345 non
870 1279 969 1346 ctiam
981 1281 1116 1365 gravius

150 1370 347 1455 puniendam
374 1371 430 1454 sit,
460 1371 489 1435 si
515 1373 659 1434 mentem
681 1368 865 1454 prodendae
887 1368 936 1433 rei
958 1368 1119 1454 publicae,

150 1458 331 1543 perdendae
362 1459 505 1525 civitatis
533 1457 569 1522 in
595 1457 658 1523 hoo
688 1475 765 1523 sexu
797 1456 1118 1542 deprehenderimus:

152 1547 209 1612 sed
236 1546 367 1631 publica
394 1547 531 1614 consilia
558 1547 720 1630 quomodo
748 1546 783 1610 in
809 1546 965 1611 feminam
998 1545 1117 1612 cecide·

151 1635 227 1719 rint,
245 1636 390 1700 invenire
407 1658 474 1702 nou
491 1657 634 1720 possum.
663 1656 761 1721 quam
781 1634 910 1719 quidem
926 1653 987 1719 ego
1002 1638 1118 1719 postea

100 1740 132 1788 15
152 1724 297 1788 adfectus
325 1725 521 1789 necessitate
549 1724 664 1789 merito
693 1723 877 1789 defendam:
904 1723 1038 1789 interim
1065 1723 1119 1789 dc·

151 1813 282 1877 fendere
309 1812 417 1878 verbis
444 1812 528 1898 legis
556 1812 641 1878 volo.
690 1810 777 1877 Nam
803 1814 842 1876 ut
868 1811 1040 1877 confiterer
1070 1812 1116 1877 sic

153 1901 314 1967 enuntiari
337 1901 487 1984 consilia,
511 1901 593 1967 ratis
614 1903 746 1984 poterat
767 1905 880 1967 tamen
900 1899 1064 1966 vindictae
1081 1901 1117 1965 in

152 2012 224 2056 eam
244 2012 419 2074 expensum
437 1989 538 2055 videri
555 2011 614 2073 per
631 1992 804 2056 tormenta.
829 1988 943 2055 deiude
961 2010 1021 2054 nec
1040 2009 1115 2054 con-

153 2080 226 2145 silia
258 2080 442 2146 enuntiasse
474 2079 616 2163 videtur,
648 2100 731 2163 quae
762 2078 859 2144 nobis
891 2098 1003 2143 rursus
1037 2078 1115 2162 quid

98 2183 132 2232 2ο
150 2168 256 2234 hostis
280 2172 392 2255 ageret
413 2167 587 2233 nuntiavit.
623 2167 702 2253 quid
725 2168 810 2233 enim
834 2166 953 2232 dicitur
976 2165 1118 2232 fecisse?

152 2257 313 2322 indicasse
341 2257 453 2323 venire
479 2255 607 2320 auxilia.
658 2255 853 2340 hocusque
880 2258 1013 2321 nostrae
1041 2254 1118 2320 civi-

151 2345 232 2409 tatis
258 2349 307 2410 est
331 2345 515 2426 consilium,
541 2364 647 2426 neque
674 2343 773 2409 ullius
797 2345 931 2409 alterius
953 2343 1022 2408 iam
1043 2347 1118 2408 tan·

151 2436 221 2495 tum
257 2433 439 2497 consilium.
484 2431 654 2496 enuntiare
682 2453 759 2497 vero
787 2432 876 2498 aliud
903 2453 988 2517 esse,
1020 2453 1119 2516 quam

152 2520 312 2604 confiteri,
343 2541 440 2585 nemo
469 2519 549 2584 adeo
576 2519 710 2604 ignarus
737 2525 789 2585 est
810 2521 978 2605 loquendi,
1004 2524 1043 2584 ut
1063 2542 1117 2584 ne

99 2624 133 2673 25
155 2609 247 2673 sciat.
280 2608 462 2674 enuntiatio
485 2609 687 2675 voluntatem
708 2607 809 2674 habet
832 2613 865 2674 et
887 2609 1032 2674 animum
1050 2630 1118 2674 non

153 2701 311 2781 coactum,
335 2697 494 2763 confessio
515 2718 700 2782 expressam
718 2696 829 2762 dolore
852 2699 956 2764 multo
979 2699 1118 2764 necessi-

151 2791 276 2851 tatem
305 2783 368 2851 Sed
391 2787 560 2873 intellego,
587 2807 655 2850 non
677 2808 750 2851 cam
773 2807 844 2852 erse
865 2807 1055 2872 personam,
1078 2786 1118 2852 de

154 2896 220 2958 qua
242 2875 415 2960 loquimur,
437 2878 475 2941 ut
496 2874 576 2941 satis
595 2874 640 2940 sit
659 2875 799 2940 eximere
817 2897 889 2941 eam
908 2874 1117 2942 accusationi.

221 2963 307 3028 Volo
340 2964 389 3029 ire
420 2986 478 3048 per
507 2963 650 3050 singula,
683 2986 756 3030 cum
783 2968 895 3029 tamen
921 2963 1003 3029 illud
1025 2964 1119 3050 prius

225 3146 239 3192 1
260 3139 412 3193 tumultum
431 3143 486 3210 Aa,
513 3139 653 3193 tumulum
672 3143 726 3208 Ab,
753 3137 908 3194 cumultum
925 3142 1000 3210 3112
1020 3137 1118 3212 *(222-

150 3209 239 3282 lier>;
259 3208 423 3284 <haeo)1to
437 3210 476 3279 119
495 3210 596 3265 mirare
614 3215 655 3263 Aa
668 3211 678 3280 u
690 3209 826 3266 iudicium
844 3226 877 3266 ac
895 3211 913 3265 l.
933 3213 979 3281 ΑΙΙ
995 3217 1027 3265 10
1046 3209 1118 3285 (id)

151 3281 215 3335 ideo
236 3280 278 3335 Gr
295 3283 305 3351 Η
327 3282 466 3350 quomodo
484 3285 505 3333 B
523 3283 532 3352 u
548 3287 580 3336 11
598 3282 742 3352 punienda
759 3285 820 3349 AB,
844 3298 913 3337 corr.
931 3281 1000 3352 120ss
1015 3288 1048 3339 17
1066 3298 1117 3352 pa·

151 3353 226 3405 terat
244 3356 298 3419 Aa,
317 3352 423 3423 poterit
439 3357 460 3405 1’
478 3354 487 3424 u
505 3358 539 3407 22
558 3354 601 3407 est
618 3369 669 3408 om.
687 3357 708 3407 B
723 3353 733 3422 ΙΙ
750 3351 827 3408 illius
844 3354 890 3423 Bu
902 3358 937 3407 26
957 3352 1119 3408 enuntia-

151 3422 201 3545 tito
220 3425 274 3546 ΑΒΙΙ
297 3429 331 3478 26
351 3424 525 3509 confessio
544 3428 567 3476 Α
589 3425 599 3492 ΙΙ
622 3424 745 3493 expressi
764 3423 868 3478 doloris
886 3427 908 3475 B
930 3425 940 3494 ΙΙ
959 3423 1057 3479 dolore
1074 3423 1118 3479 in:

154 3510 210 3548 vro
258 3511 296 3547 aa
