2392 3862
515 223 745 290 QUINTILIANI

484 419 780 489 GOGLXXXIII.

420 544 536 629 Rapta
560 542 652 610 male
675 542 842 653 troctuta.
878 531 880 536 ’

152 689 249 766 Quen
280 704 390 754 vmun
421 703 541 751 nrum
577 703 831 752 runornmoms
867 701 1115 772 nnnnnvnnm,

240 793 384 844 nuenan
414 793 535 841 norun
568 791 743 858 anemium
783 791 1115 841 s11nnornunnn·

116 884 132 933 c
240 883 371 949 eanum,
393 882 503 929 amun
526 879 708 928 nnsrmur.
736 862 842 947 Rupta
863 863 996 948 nuptias
1019 867 1115 947 optu-

240 955 297 1037 vit,
319 955 435 1039 postea
456 952 562 1017 virum
581 952 686 1016 malae
705 952 911 1017 tractationis
930 950 1114 1017 damnavit:

241 1044 334 1108 litem
357 1045 462 1106 morte
485 1040 647 1106 aestimat.

462 1215 799 1284 DECLAMATIO.

218 1341 329 1408 Nimio
354 1363 463 1407 amore
487 1327 520 1406 et
542 1341 685 1407 sollicita
707 1341 917 1426 inquisitione
940 1339 994 1405 hic
1013 1341 1113 1406 offen·

100 1449 133 1499 10
153 1433 202 1497 dit
224 1453 366 1497 uxorem.
411 1431 502 1496 venit
529 1431 587 1494 illa
609 1431 644 1494 in
667 1430 776 1494 forum
800 1429 958 1515 gratiosa3
985 1451 1027 1494 ne
1051 1451 1113 1496 nos

152 1519 282 1604 quidem
311 1519 514 1597 obstitimus,
546 1539 609 1602 quo
634 1517 741 1583 minus
765 1519 922 1601 vinceret,
954 1521 991 1583 ut
1014 1518 1114 1584 scire·

152 1630 240 1692 mus,
272 1606 388 1692 quanti
421 1605 530 1671 dotem
561 1607 757 1672 aestimaret.
801 1605 924 1671 iudices
948 1606 1113 1673 dixerunt:

152 1695 247 1780 »quid
257 1717 318 1761 nos
329 1693 581 1761 intercedimus?
604 1695 728 1778 optime
741 1695 822 1778 ipsis
832 1695 1009 1760 conveniet.
1031 1695 1114 1762 heec

152 1790 278 1869 tamen,
311 1806 352 1849 ne
381 1784 449 1848 sine
478 1805 577 1848 causa
604 1782 639 1847 in
667 1783 774 1848 forum
801 1782 950 1849 videatur
975 1784 1115 1870 venisse,

100 1890 134 1939 15
152 1874 237 1939 ferat
260 1872 382 1958 aliquid
406 1871 530 1938 solatii:
557 1872 640 1937 bene
664 1870 822 1937 credimus
846 1872 895 1937 illi
918 1871 986 1937 eius
1010 1872 1114 1957 patri·

154 1962 309 2046 monium,
331 1962 421 2027 cuius
441 1961 543 2045 cupiti
560 1961 748 2047 perpercit<
780 1982 971 2026 veneramus
990 1960 1113 2028 hilares

153 2051 194 2116 ad
218 2051 486 2117 aestimationem.
517 2054 551 2115 at
569 2051 642 2135 ista,
665 2049 764 2134 aquid
787 2049 877 2132 mihi,
899 2049 1015 2133 inquit,
1038 2071 1114 2116 cum

152 2141 291 2225 pecunia
314 2137 386 2205 est?
410 2141 549 2204 mortem
574 2138 751 2204 desidero«
783 2141 945 2224 putatae,
968 2141 1006 2203 ut
1028 2139 1114 2204 ocei-

153 2229 257 2314 deret,
279 2229 409 2312 vicisse,
433 2250 516 2312 quae
538 2227 630 2307 vicit,
651 2227 728 2311 quia
751 2248 817 2292 non
841 2225 1011 2292 occiderat.
1057 2227 1115 2292 ob-

100 2333 135 2383 20
156 2316 353 2402 sequendum
377 2316 526 2400 esttibi,
549 2314 749 2380 adulescens:
779 2314 863 2380 nihil
886 2315 919 2379 in
943 2316 1115 2381 mulierem

155 2405 274 2470 dicam:
298 2404 355 2469 sed
377 2404 513 2489 patiaris
537 2424 668 2467 causam
690 2407 782 2467 tuam
806 2402 940 2469 defendi.

231 2491 379 2557 Dicimus
427 2490 629 2577 pecuniariae
670 2491 746 2556 lites
788 2513 875 2576 esse3
911 2492 1114 2576 litigatorem

156 2601 226 2645 esse
248 2600 316 2644 non
338 2601 444 2663 reum,
470 2601 536 2645 non
559 2579 614 2662 qui
637 2578 676 2644 de
699 2579 805 2663 capito
829 2580 1002 2646 sortiatur:
1030 2581 1114 2647 illud

156 2666 313 2732 iudicium
353 2667 480 2750 vocari,
521 2667 762 2752 quaestionem,
803 2667 961 2753 quidlibet
1006 2669 1115 2754 potius

100 2772 135 2822 25
156 2777 255 2840 quam
278 2754 379 2820 litem.
425 2755 602 2840 a<litem>
627 2757 845 2842 aestimet,«
871 2758 989 2842 inquit:
1017 2779 1115 2842 quam

149 2844 330 2927 familiare,
358 2864 454 2927 quam
482 2844 681 2911 cotidianum
703 2845 839 2911 verbum
867 2845 939 2911 est?
985 2847 1115 2931 siquid

156 2932 395 3000 commodatum
418 2954 484 2998 non
506 2934 660 3018 redditur,
682 2938 760 3000 note
783 2939 858 3000 sunt
881 2935 980 3000 verbe
1002 2939 1115 3021 postu·

158 3022 306 3108 lentium,
328 3022 464 3106 »quenti
487 3023 664 3088 aestimet«
701 3044 779 3109 ergo
801 3023 1023 3109 pecuniarium
1046 3046 1115 3089 ver·

156 3113 234 3178 bum
259 3115 317 3178 est.
363 3110 439 3176 huic
462 3114 498 3176 tu
521 3115 660 3177 mortem
682 3117 780 3196 putas
804 3112 930 3178 subici?
953 3113 1114 3179 veneficus

227 3291 260 3341 12
285 3288 390 3355 quanto
409 3289 433 3339 Δ
455 3287 465 3357 l
490 3291 594 3340 13-14
617 3286 687 3341 haec
705 3289 802 3342 tamen
819 3303 870 3342 om.
889 3291 910 3338 B
932 3288 942 3357 [Ι
966 3292 999 3341 16
1018 3285 1115 3342 illarea

153 3362 207 3426 Aa,
227 3356 342 3413 hilleraa
360 3361 414 3426 Ab,
431 3357 543 3426 hylares
562 3358 654 3428 31118
674 3359 717 3412 est
735 3357 805 3412 mihi
824 3360 943 3412 mortem
960 3359 1053 3428 31119
1072 3358 1113 3412 vi·

153 3427 224 3482 cisse
244 3446 270 3497 q.
290 3446 317 3484 v.
336 3447 363 3499 q.
382 3447 408 3482 n.
429 3428 572 3484 occiderat
589 3433 679 3482 ocull
703 3430 713 3498 ll
735 3434 838 3483 22-23
859 3427 1033 3499 litigatorem
1052 3445 1114 3484 esse

152 3514 204 3554 om.
222 3504 264 3551 Aa
277 3499 286 3568 ΙΙ
300 3505 335 3554 25
354 3498 477 3572 (litem)
495 3500 552 3555 Aer
565 3500 575 3570 ΙΙ
589 3504 622 3553 28
641 3498 823 3569 pecuniarum
840 3502 862 3551 B
