2392 3862
325 219 643 276 DECLAMATIONES.
662 219 828 278 CCCXXXL
989 219 1056 287 303

99 384 180 449 satis
204 406 283 469 esse,
306 385 392 470 quod
414 383 512 447 tertio
537 382 709 447 absolutus
731 387 791 448 est
828 381 889 449 Sed
913 382 1059 449 animad-

97 473 234 558 vertitis,
258 473 370 558 quales
392 470 582 536 inimicitias
610 471 745 536 sortitus
771 471 828 537 sit:
851 473 944 538 saitis
966 473 1060 538 illum

97 562 163 626 iam
189 562 397 627 innocentem
425 558 570 624 accusari
597 558 711 624 solere.
756 560 812 625 sed
837 559 966 626 facilius
987 561 1060 647 fuit,

97 654 135 715 ut
165 652 293 717 duretw
322 647 445 733 aliquid
473 648 614 733 gratiae,
643 648 720 713 dum
748 647 784 712 id
811 647 883 712 fieri
911 649 980 714 sine
1006 671 1060 734 pe

96 739 201 805 riculo
223 738 403 804 videbatur.
447 736 519 802 ideo
544 736 705 801 intentius
728 736 850 802 iudices
872 739 1095 821 pronuntias

96 831 226 911 verunt,
257 829 469 910 posteaquam
495 825 572 891 talis
598 845 710 911 pugne
732 824 907 890 commissa
930 829 994 910 est,
1025 827 1061 891 in

98 937 163 999 qua
195 915 301 999 perire
334 915 427 979 alteri
458 935 590 979 necesse
623 915 676 979 sit
721 914 832 980 omnia
858 914 963 1001 igitur
992 913 1061 979 eius

96 1003 183 1087 tulit,
211 1004 266 1087 qui
290 1025 363 1069 reue
387 1002 504 1087 capitis
528 1006 708 1088 accusatur,
730 1003 919 1087 periculum,
943 1001 1062 1068 sollici-

96 1091 258 1157 tudinem:
281 1092 378 1158 debet
401 1092 585 1157 consentire
608 1092 649 1157 iis
672 1092 771 1156 etiam
794 1092 888 1158 ultio.

494 1285 668 1353 SERMO.
1079 1299 1113 1350 10

95 1517 111 1581 t
162 1426 252 1579 {pec
280 1427 321 1491 ab
349 1430 537 1494 accusatore
565 1427 716 1493 existimo
744 1427 826 1493 satis
855 1427 956 1510 diota,
987 1448 1061 1492 con·

112 1536 150 1580 ra
172 1538 183 1579 1
210 1539 244 1581 a:

424 1653 531 1711 PARS
550 1653 731 1710 ALTERA.

411 1814 746 1883 DECLAMATIO.

160 1940 228 2006 Lex
242 1962 325 2024 eum,
342 1940 409 2026 qui
427 1941 573 2024 eapitis
592 1940 800 2021 accusarit,
818 1961 940 2024 neque
955 1939 1058 2004 dam·
1078 1955 1111 2004 15

93 2030 263 2112 neverit,
300 2028 429 2112 capite
461 2029 595 2113 puniri
629 2030 728 2095 iubet.
782 2027 908 2114 Capitis
940 2027 1060 2095 iudicia

95 2120 184 2182 certa
203 2121 279 2181 sunt
300 2120 333 2181 et
355 2116 422 2182 vim
446 2139 538 2183 suam
560 2117 692 2183 habent.
724 2138 850 2201 semper
873 2117 990 2201 eapitis
1013 2117 1059 2182 iu·

94 2205 180 2270 dicia
204 2207 280 2270 sunt
301 2203 354 2269 his
376 2205 504 2290 legibus
528 2206 718 2291 constituta,
745 2206 861 2292 quibus
884 2226 979 2271 nemo
1003 2227 1058 2289 po·

94 2297 163 2360 test
190 2292 339 2359 damnari
368 2293 444 2377 plus
467 2316 566 2378 quam
588 2294 703 2378 seme13
730 2295 854 2361 habent
877 2316 970 2361 suam
992 2293 1059 2359 for·

93 2404 195 2468 mam,
219 2403 313 2448 suum
336 2381 500 2468 iudicium,
522 2404 693 2449 numerum
714 2406 817 2468 suum,
840 2381 1058 2467 quaesitorem
1077 2398 1111 2449 ιο

93 2493 202 2555 suum,
234 2492 294 2537 sua
320 2474 481 2556 tempora,
514 2493 573 2538 sua
594 2473 738 2538 nomina.
773 2471 933 2557 responde
956 2472 1058 2558 igitur

92 2559 175 2625 mihi
202 2563 253 2643 tu,
281 2559 337 2644 qui
365 2563 550 2627 accusatum
577 2565 610 2626 te
638 2561 754 2645 capitis
783 2582 853 2626 esse
877 2560 1057 2646 contendis,

92 2671 158 2733 qua
179 2648 252 2733 lege
275 2647 376 2713 fueris
398 2671 483 2716 reus
521 2647 764 2736 „.iniuriarum“
800 2649 854 2714 hic
877 2650 944 2714 iam
967 2649 1056 2734 ipsos

92 2737 295 2823 interrogare
324 2736 445 2803 iudices
477 2701 625 2823 puisun,
662 2759 704 2802 an
740 2737 934 2804 iniuriarum
971 2738 1056 2803 aetio

92 2825 246 2908 capitalis
278 2825 330 2890 sit
375 2826 432 2892 sed
464 2826 542 2911 quid
573 2826 692 2911 habeo,
724 2848 823 2910 quare
856 2828 1111 2912 interrogante

93 2911 238 2978 iudices?
274 2934 313 2978 ex
340 2916 410 2981 te
400 2936 472 3000 1pso
502 2936 637 3018 quaero,
663 2913 857 2981 iniuriarum
884 2916 1056 2982 damnatus

92 3005 204 3067 utrum
237 3003 425 3069 occidatur?
471 3025 536 3070 non
570 3004 701 3088 opinor,
737 3004 806 3070 eius
840 3008 874 3068 te
910 3004 962 3068 fut
948 3007 1057 3066 turum

91 3090 317 3177 inpudentiae,
357 3096 395 3157 ut
434 3092 497 3159 hoc
539 3090 724 3162 contendas.
783 3092 905 3175 alioqui
942 3089 1057 3173 dicam,

166 3284 270 3339 testie
289 3289 310 3336 Β
330 3284 341 3353 Ι]
360 3289 378 3339 4
397 3284 524 3341 traheret
541 3288 601 3356 ΑΒ,
618 3300 687 3342 coer.
707 3283 764 3351 G‘r;
781 3281 903 3351 ἴοιμι
890 3280 1035 3336 traherent
1033 3279 1058 3360 ΙΙ

92 3361 108 3410 'l
129 3355 188 3425 aliq
188 3371 253 3410 uem
270 3359 322 3425 Βιι,
341 3355 461 3411 alterum
479 3358 517 3410 Bb
535 3328 609 3429 usit]
629 3357 704 3412 esset
721 3354 789 3411 Rea
801 3356 841 3425 119
861 3347 1040 3407 consistere
1031 3365 1057 3405 rs

91 3428 113 3479 Β
140 3432 185 3483 15
204 3426 386 3481 accusaret
399 3428 458 3495 1117
478 3423 1056 3506 suntomnllaoquesllldtuom

89 3497 715 3570 BlssipsoAlManteAesswnonut
733 3512 778 3565 op.
797 3493 992 3566 Bldssdicn
1027 3514 1136 3634 e
