2392 3862
377 208 694 266 DECLAMATIONES.
715 208 817 264 CGLX
1033 209 1075 273 67

53 433 56 438 .
116 374 201 460 quid,
216 375 267 439 vel
282 376 416 458 propter
435 371 522 458 quod
535 371 722 437 moriantur.
749 375 801 436 tot
818 371 888 456 hos,
908 394 989 458 quos
1008 373 1076 438 obi-

115 463 197 547 citis,
210 461 301 545 (nam
314 461 446 527 turbam
465 481 591 545 quoque
610 459 740 526 abdicat
725 464 832 526 torum
847 482 918 526 esse
929 461 1076 563 dixistis)

116 552 256 617 emittite
280 551 390 617 subito
410 549 524 651 nudos,
547 549 692 613 omnium
718 569 850 634 egenos·
873 550 996 634 ipsisne
1019 550 1076 614 ali-

115 640 188 724 quis
211 639 365 724 poterit'
356 638 464 722 irasci,
487 636 610 722 siquid
628 636 836 702 fecerint?
810 661 838 702 s1
855 638 888 702 in
902 638 1076 704 latrocinia

115 749 150 793 se
164 729 363 812 praedasque
379 725 551 792 miserint?
570 725 809 809 quantumlibet
822 726 939 791 animis
953 727 1075 793 nostris
1095 744 1110 792 5

114 817 334 900 remittamus,
366 837 403 880 ao
432 819 536 881 totam
564 815 784 879 innocentiam
814 813 981 881 credamus
1005 837 1075 882 esse

114 904 345 990 persuasionis
358 904 497 969 multum
516 907 628 968 contra
646 903 806 968 iustitiam
820 904 1003 969 necessitas
1022 928 1075 969 va·

114 995 171 1057 let.
217 1012 253 1058 ac
271 994 313 1066 ‘si
339 992 422 1057 nihil
452 991 609 1059 adversus
633 991 728 1076 alios,
758 991 909 1056 adversus
934 1013 966 1057 se
989 997 1076 1057 certe

115 1081 220 1146 multa
246 1081 406 1147 fecissent.
458 1085 649 1146 ornatumne
685 1103 754 1145 rem
783 1081 946 1163 publicam
979 1085 1075 1166 atque

115 1169 272 1254 adiutam,
299 1170 434 1249 iudices,
462 1169 647 1250 crederetis,
675 1170 702 1233 si
732 1168 847 1233 horum
877 1169 1108 1235 fortissimusr

110 1258 249 1343 'quisque
272 1259 416 1324 venisset
439 1258 474 1322 in
494 1257 606 1323 ludum
629 1263 727 1340 atque
751 1257 903 1322 arenam?
926 1259 955 1323 si
978 1259 1074 1342 paulo

113 1347 244 1411 mollior
261 1347 352 1412 frons
372 1347 412 1412 ad
432 1347 593 1430 laqueum,
607 1346 648 1411 ad
666 1346 865 1430 praecipitia,
880 1346 921 1411 ad
936 1347 1075 1430 qualem·

114 1457 250 1520 cumque
272 1436 360 1500 vitae
383 1435 572 1501 festinasset
594 1433 738 1501 exitum?
765 1437 835 1499 tum
855 1435 969 1500 civitas
989 1435 1076 1519 felix,

114 1527 185 1588 tum
207 1545 361 1590 uumerus
384 1524 446 1588 iste
470 1524 576 1589 minus
599 1523 777 1588 invidiosus
799 1523 937 1588 fuisset?

181 1611 281 1697 Volo,
311 1612 446 1695 iudices,
478 1612 592 1677 relicta
619 1613 683 1676 iam
712 1611 786 1696 hac,
813 1634 909 1696 quam
938 1611 977 1676 ad
1006 1629 1108 1677 rem1

113 1700 277 1785 publicam
296 1701 473 1786 composui,
496 1700 692 1785 defensione,
711 1701 850 1765 transire
870 1701 910 1765 ad
929 1722 995 1785 eos,
1019 1703 1074 1787 qui

112 1791 284 1874 praecipue
303 1791 403 1856 irasci
420 1789 579 1874 videntur,
602 1793 712 1874 patres
731 1787 801 1854 dico
820 1789 920 1872 ipsos,
944 1790 999 1874 qui
1018 1791 1074 1855 ab·

112 1877 308 1944 dicaverunt.
332 1879 448 1963 quibus
466 1877 528 1943 hoc
547 1877 698 1961 primum,
718 1877 849 1962 iudices,
868 1878 952 1943 dico:
977 1900 1073 1963 quam

114 1966 247 2050 acciptis
271 1966 445 2032 iniuriam?
484 1966 580 2032 malis
604 1988 662 2032 vos
686 1986 763 2030 sane
786 1966 860 2030 filiis
884 1967 1018 2031 levastis
1042 1973 1074 2030 et

114 2059 288 2120 exonerata
302 2059 378 2120 sunt
395 2058 504 2118 vestra
522 2055 726 2138 patrimonia.
751 2055 847 2119 sinite
861 2055 936 2119 illos
951 2055 1072 2138 perisse
1092 2071 1108 2119 2

114 2145 156 2224 et,
179 2142 270 2206 velut
287 2143 451 2225 expositos
465 2143 504 2205 'in
523 2143 632 2226 aliqua
650 2143 822 2208 solitudine
841 2147 899 2207 aut
916 2143 951 2206 iu
971 2143 1075 2209 maria

107 2229 292 2314 proiectos,
314 2229 394 2295 nihil
418 2229 458 2295 ad
481 2231 624 2297 animum
647 2236 800 2314 vestrum,
822 2231 902 2295 nihil
926 2231 967 2295 ad
990 2233 1074 2315 cogi-

113 2318 256 2383 tationes
278 2319 456 2402 pertinere.
478 2318 643 2385 fortunam
668 2320 729 2387 sibi
748 2325 915 2403 quaerant.
938 2319 1014 2404 quid
1033 2320 1074 2385 ad

113 2429 185 2491 vos,
218 2406 295 2492 quid
327 2407 394 2472 sint
398 2412 618 2493 ,postquam
652 2412 723 2473 vest
724 2409 752 2472 ri
784 2430 855 2473 esse
888 2408 1076 2479 desierunt?

111 2496 218 2562 renati
246 2500 322 2562 sunt
350 2518 532 2581 novumque
560 2496 609 2563 fat
594 2500 665 2562 tum
693 2496 930 2581 quodammodo
955 2498 1036 2563 sorti
1037 2499 1072 2562 ti.
1092 2513 1107 2562 ι

112 2606 190 2649 num
213 2584 370 2650 invidiam
392 2585 486 2651 vobis
509 2585 654 2650 faciunt?
699 2586 761 2651 hoc
789 2587 875 2650 enim
899 2587 1072 2652 matehatis

112 2671 179 2738 fort
165 2677 262 2758 tasse,
284 2678 322 2739 ut
335 2674 437 2740 oculis
456 2696 511 2739 ves
513 2675 573 2740 tris
513 2673 745 2739 tsordidati
760 2675 969 2740 obversarent
955 2681 1018 2759 tur,
1036 2682 1073 2740 ut

111 2761 219 2844 inpexi
249 2762 450 2847 squalidique
483 2762 690 2830 incederent?
732 2762 909 2828 verecunde
941 2765 1072 2828 nomine

113 2850 291 2915 seruitutis
314 2850 537 2916 dissimulatur
555 2856 664 2916 vestra
682 2851 870 2923 crudelitas:
889 2852 994 2917 minus
1013 2873 1071 2917 vos

185 3064 198 3112 1
218 3059 294 3127 quod
312 3075 362 3117 om.
373 3059 618 3128 rnabiieitisw
620 3065 673 3128 let
691 3061 750 3116 edd
765 3061 774 3129 ll
788 3061 941 3129 2*quoque
959 3061 1071 3115 turbam

110 3134 133 3182 Δ
148 3132 156 3199 ΙΙ
170 3136 186 3183 4
206 3130 229 3183 si
248 3129 311 3198 quis
329 3130 348 3186 f.
359 3131 435 3199 ΔιΙθ
454 3147 486 3185 ac
505 3063 630 3185 multuhr
638 3130 816 3187 innocentiae
831 3133 910 3200 (dot.)
926 3131 1072 3186 credamus

111 3201 203 3255 inesse
222 3218 293 3284 pers
314 3200 416 3271 (?)Ro
440 3204 449 3272 ll
472 3201 600 3257 8*ats1
619 3205 666 3253 Aa
681 3204 690 3272 ll
705 3208 738 3257 17
756 3205 850 3272 patres
870 3201 933 3256 dico
953 3217 1002 3256 orn.
1022 3199 1072 3268 Bll

112 3277 144 3326 18
164 3272 293 3342 optime
312 3274 433 3328 contra
446 3273 579 3343 patrum
595 3270 726 3328 duritia
739 3277 762 3325 Δ
776 3274 784 3342 ll
798 3279 831 3327 21
847 3289 909 3341 exp
915 3277 983 3327 οιΑ
997 3273 1006 3341 ll
1020 3269 1071 3324 ali-

110 3359 194 3424 quam
214 3343 448 3425 solitudinemBll
468 3349 502 3398 ιι
522 3342 743 3415 obversisllllh
757 3346 765 3414 ss
780 3343 841 3398 28·
833 3343 950 3412 inpexi
969 3341 1037 3412 All
1028 3357 1072 3394 rn-

109 3412 186 3482 plexi
204 3418 235 3480 Δ
253 3413 369 3483 implexi
387 3419 465 3466 13-1’
487 3416 496 3484 ΙΙ
518 3414 692 3470 verecundae
711 3419 815 3467 Ali—P
837 3415 846 3484 ll
875 3408 1073 3471 reservantis

110 3487 167 3551 Aa,
186 3500 255 3540 corr.
277 3485 315 3539 Pi
337 3488 346 3554 ll
367 3489 431 3558 qh
1044 3526 1048 3533 .

930 3575 969 3630 a·
1036 3508 1065 3633 l
