2392 3862
159 241 225 306 242
526 237 757 304 QUINTILIANI

159 402 420 469 adulescentulus
448 401 582 467 interim
610 401 698 467 rudis
726 402 762 465 in
783 401 841 466 illc
862 402 949 468 nube
972 403 1134 492 pulveris,

158 495 194 557 in
218 492 279 556 ills
302 491 491 557 confusione
514 491 749 575 permixtorum
771 491 934 575 utrimque
955 491 1131 576 legionum

161 581 268 645 virum
284 579 406 646 fortem
425 581 516 665 sequi
535 600 601 644 non
619 578 737 663 potuit.
761 582 796 644 ct
814 600 874 664 ego
893 579 1007 644 infelix
1021 583 1128 648 ctiam

158 665 316 734 invidiam
344 669 412 734 filio
440 669 504 734 feci
529 673 562 734 et
585 668 691 753 spolia
714 668 826 752 retuli,
858 690 921 753 quo
943 669 1053 736 minus
1075 672 1130 736 illi

123 775 139 824 5
158 759 389 843 ignosceretur.
1045 767 1050 774 “

227 845 298 923 Quo
317 870 370 912 me
390 846 489 930 ducis,
513 843 643 910 enimc?
667 866 730 929 quo
752 866 803 909 me
820 845 935 931 trahis,
954 846 1130 915 adfectus?

157 937 265 1020 placet
289 958 399 1002 causa:
427 935 482 1001 sed
507 933 594 999 uliud
619 934 739 1017 optavi.
785 934 867 999 nihil
891 939 951 1019 est,
974 935 1062 1020 quod
1086 956 1126 1002 ex

158 1047 230 1091 meo
265 1024 379 1091 favore
415 1045 539 1108 speres,
574 1023 698 1087 iuvenis
730 1021 966 1108 infelicissim03
998 1025 1126 1091 nullam

158 1113 310 1179 fiduciam
330 1135 368 1179 ex
386 1113 449 1178 hac
467 1112 761 1197 quantulacumque
776 1132 894 1195 operae
907 1132 1000 1178 meae
1013 1114 1129 1198 gretia

108 1220 141 1269 10
162 1204 284 1286 capies:
316 1201 518 1267 moriendum
551 1203 609 1266 est.
663 1201 799 1265 debetur
830 1201 894 1266 hoc
922 1221 1000 1266 sene
1030 1202 1125 1268 disci·

160 1293 269 1377 plince
288 1290 434 1375 militari,
453 1289 589 1355 debetur
607 1292 788 1354 castrorum
807 1290 984 1355 severitati.
1006 1291 1126 1356 infelix

159 1380 347 1445 exeuntium
377 1400 472 1444 omen
495 1379 695 1461 miseraeque
719 1378 897 1461 primitiuel
931 1379 960 1445 si
983 1379 1124 1445 alterum
1148 1432 1158 1455 .

159 1469 272 1551 utique
297 1489 336 1531 ex
355 1467 452 1532 domo
470 1468 585 1532 nostro
604 1464 828 1551 destinabatis‚
851 1487 908 1532 cur
926 1488 993 1534 non
1012 1490 1124 1534 senem

159 1555 268 1639 potius
301 1554 471 1619 traxistis?
506 1554 582 1638 quid
610 1576 696 1619 nunc
723 1555 787 1620 tibi
813 1555 975 1641 proderit,
1007 1559 1124 1623 miser-

107 1659 140 1710 15
159 1644 241 1709 rime
261 1643 458 1727 adulescens,
476 1643 561 1728 quod
580 1643 746 1708 modestus
766 1645 801 1708 in
819 1665 908 1730 pecc,
926 1646 1012 1730 quod
1026 1645 1126 1730 pius?

160 1735 193 1798 st
229 1731 257 1796 si
291 1731 482 1816 contigisset
516 1733 637 1797 civitati
672 1731 800 1798 felicior
836 1734 941 1818 quies,
977 1737 1126 1818 optimus

159 1821 245 1885 filius
270 1843 349 1886 cras.
386 1820 593 1886 Moriendum
616 1824 675 1886 est.
699 1822 776 1905 quid
798 1821 861 1886 tibi
884 1826 1053 1906 praestare
1075 1825 1124 1888 in·

158 1910 236 1975 felix
258 1914 351 1994 pater
374 1910 531 1995 possum?
569 1932 643 1975 oum
666 1909 806 1994 duceris,
832 1910 931 1996 flebo,
957 1912 1125 1998 plangum.

157 1999 235 2079 hos,
274 2021 355 2085 quos
389 2021 592 2085 sumpseram
623 1999 719 2063 modo
752 2020 791 2063 ex
824 2000 961 2066 victoria
992 2001 1126 2085 publice

106 2105 141 2156 2ο
160 2088 264 2155 laetos
293 2089 438 2172 habitus,
468 2089 626 2154 abducite.
675 2089 778 2152 merui
807 2088 1001 2154 ambitiosus
1029 2093 1126 2174 pater

160 2178 298 2263 scilicet,
328 2201 369 2243 ne
393 2177 469 2262 quid
492 2177 530 2242 de
553 2177 689 2242 militari
712 2177 885 2242 severitate
908 2177 1128 2262 detraherem,

159 2288 200 2331 ne
228 2265 357 2333 viderer
383 2268 435 2334 vir
461 2266 556 2331 fortis
587 2265 746 2331 desertori
768 2266 944 2351 ignoscere.
990 2271 1124 2333 conten·

158 2358 212 2419 tus
244 2355 292 2420 fui
318 2358 395 2439 post
421 2358 473 2419 tot
496 2356 626 2438 merite,
657 2354 788 2419 favente
810 2357 882 2419 tots
906 2355 1056 2441 civitate,
1087 2360 1127 2422 ut

159 2446 288 2507 tuntum
316 2444 472 2508 innocens
499 2462 613 2507 essem.
659 2446 693 2507 et
722 2463 808 2528 ecce,
840 2443 905 2508 iam
928 2444 1125 2511 miserantes

105 2530 251 2596 strideo
279 2530 424 2596 iudicum
452 2531 575 2616 vultur3
608 2530 810 2615 quorundam
839 2532 1126 2617 deprehenduntur

158 2618 323 2685 lacrimae.
358 2620 451 2703 potui
468 2619 543 2704 plus
562 2622 686 2705 optare,
708 2620 811 2704 potui.
847 2622 895 2687 sic
913 2642 1043 2707 quoque
1061 2640 1124 2707 ego

158 2711 201 2792 te,
223 2707 280 2790 fili,
304 2708 415 2774 occidi.
453 2712 487 2774 ut
508 2710 555 2792 tu,
578 2709 724 2794 quisquis
748 2730 792 2794 es,
814 2709 964 2794 inquom
981 2711 1123 2777 tmnsfc

158 2800 249 2862 retur
270 2797 333 2862 hoc
356 2795 470 2863 infelix
489 2797 715 2881 ministerium,
737 2820 904 2883 supremas
924 2798 1001 2865 cudi
1018 2800 1124 2885 petris

158 2885 332 2951 miserrimi
350 2907 454 2952 voces.
482 2887 545 2953 hoc
564 2887 681 2953 saltem
699 2886 851 2953 fortunae
869 2909 960 2955 meae
978 2892 1125 2974 praestet

105 2991 140 3041 30
160 2973 261 3041 semel
284 2974 391 3042 ferias.

230 3175 246 3223 2
266 3169 415 3239 utrumque
435 3173 475 3222 Aa
487 3173 565 3222 B—l’
606 3167 690 3238 equi
708 3168 799 3224 minus
818 3174 859 3222 Δι
871 3170 911 3240 liss
931 3171 999 3225 autc
1016 3188 1064 3229 me
1082 3174 1123 3225 A·

157 3242 231 3309 Bul
251 3243 294 3295 est
312 3257 361 3296 om.
381 3241 454 3311 Bssss
474 3256 519 3296 mc
537 3241 577 3310 ΑΙ
600 3239 710 3296 invenis
728 3241 775 3309 ΑΙΙ
797 3245 830 3294 12
849 3244 1015 3312 nomanss
1031 3248 1064 3297 16
1082 3242 1123 3297 fc·

158 3311 261 3366 licitsti
274 3315 330 3380 ΑΒ,
350 3329 418 3368 corr.
434 3311 488 3380 θη
510 3311 563 3366 teli
573 3312 661 3366 aetati
675 3310 732 3366 our
744 3314 754 3380 l
768 3317 802 3366 21
821 3311 915 3380 quisB
928 3314 939 3383 fl
953 3316 1062 3368 26-2'1
1082 3312 1122 3368 sic

160 3398 212 3451 ego
231 3385 260 3436 te
279 3399 390 3453 quoque
408 3382 466 3439 lilio
485 3383 648 3453 31127-28
666 3383 873 3438 monsforturlt
