2392 3862
462 249 465 257 ·
484 227 700 284 Parnassio.
1043 182 1072 280 ¹u

111 379 318 456 significentur
345 380 384 439 ad
411 379 570 438 tractanda
596 379 731 438 themata
759 379 880 438 uberius
909 379 1071 455 proposita,

113 496 189 555 quae
213 478 367 552 tamquam
385 476 508 536 admota
525 494 616 534 manu
634 475 787 551 discipulis
805 476 887 536 viam
904 479 1073 536 monstrent

112 578 144 634 et
157 575 225 650 plus
240 592 331 651 quam
344 573 426 632 nuda
439 573 493 631 illa
507 573 613 633 divisio
628 573 865 634 subministrent.
892 573 1000 650 Itaque
1013 592 1072 633 non

112 673 244 732 alienum
271 671 429 731 videamur
455 672 567 744 facere,
598 670 624 729 si
652 671 855 731 divisiones
883 675 918 732 et
945 689 1073 747 paren-

112 770 279 829 chireses
310 768 549 828 inscriberemus.
596 767 737 827 Ceterum
766 769 860 829 fuisse
889 769 967 828 libro
994 769 1073 827 hunc

112 867 239 927 titulum
261 885 321 925 non
344 866 556 941 contenderim,
579 866 759 940 praesertim
782 884 850 925 cum
872 865 918 924 illi
940 865 1072 941 capitum

112 962 195 1022 tituli
223 962 440 1021 dubitationem
468 962 601 1020 habeant
627 965 659 1021 et
686 963 725 1022 ab
748 962 870 1022 Halmio
893 981 909 1022 e
933 965 1074 1023 contextu

112 1061 274 1120 verborum
296 1060 329 1118 in
351 1062 531 1136 apparatum
553 1054 807 1144 removeantur)

180 1165 280 1242 Magis
303 1165 457 1242 probabile
480 1166 570 1243 illud,
599 1170 634 1226 ut
657 1167 748 1227 artis
772 1167 979 1228 rhetoricae
1002 1167 1073 1225 titu-

112 1264 175 1323 lum
204 1263 317 1323 demus.
362 1261 459 1331 Quam
491 1264 571 1322 enim
603 1264 675 1323 olim
705 1265 859 1340 professus
893 1262 1073 1324 sententiam

113 1380 181 1421 sum
204 1354 336 1441 (quintil.
355 1361 495 1436 Daciam,
514 1380 542 1436 p.
557 1362 621 1420 255
637 1354 710 1443 sq.):
733 1363 819 1422 cuius
837 1363 885 1422 bic
903 1361 1075 1436 fragmenta

113 1463 280 1519 tractamus
302 1459 414 1517 librum
434 1476 499 1517 esse
519 1458 646 1517 eundem
664 1460 751 1518 illum
770 1462 821 1536 qui
841 1460 1025 1520 memoratur
1042 1456 1075 1514 in

113 1558 183 1619 inst
202 1576 244 1616 or.
264 1555 280 1614 I
298 1576 342 1631 pr.
364 1557 459 1632 7-8,
479 1556 566 1615 hodie
585 1574 704 1633 quoque
722 1560 818 1617 teneo.
856 1557 1019 1616 Attamen
1036 1572 1074 1612 ne

114 1654 158 1713 ita
178 1653 300 1728 quidem
318 1653 496 1729 inscriptum
514 1655 542 1712 ei
559 1653 653 1714 fuisse
672 1654 768 1713 ausim
786 1674 841 1730 pro
861 1655 941 1714 certo
955 1670 1074 1728 ponere.

115 1751 222 1827 Itaque
245 1769 283 1811 ne
306 1753 419 1810 temere
439 1752 470 1810 et
488 1751 586 1811 obiter
603 1751 708 1812 uidear
726 1771 803 1827 quae
821 1751 917 1811 adhuc
935 1750 1074 1826 placuere

113 1851 303 1924 aspernatus,
331 1867 393 1907 non
419 1852 502 1909 muto
531 1867 620 1924 quem
647 1848 763 1924 priores
791 1849 938 1908 editiones
961 1848 1075 1907 habent

113 1946 236 2005 titulum
261 1946 576 2006 declamationum:
601 1949 721 2006 maneat
742 1946 794 2005 ille
818 1945 950 2022 quidem,
970 1946 1022 2006 sed
1043 1946 1074 2004 id

113 2043 183 2117 plns
216 2062 306 2119 quarn
339 2062 558 2120 supervacuum
589 2048 624 2103 ut
651 2042 798 2103 adiciatur
825 2036 996 2103 ‘minorum'
1024 2043 1074 2102 vel

113 2133 202 2214 ‘qnae
229 2135 399 2215 putantur'.
444 2141 540 2201 Docui
563 2143 642 2202 enim
665 2140 697 2201 et
721 2134 981 2219 demonstravi**)
1006 2157 1073 2198 esse

112 2236 186 2297 haee
209 2235 426 2314 Quintilianea,
450 2239 580 2298 alterurn
602 2238 678 2297 illud
700 2232 808 2313 corpus
830 2236 977 2296 maiorum
999 2255 1073 2313 quas

113 2333 252 2394 dicebant
283 2334 538 2397 declamationum
568 2336 647 2396 falso
674 2333 851 2405 Quintiliani
877 2334 996 2394 nomine
1023 2352 1074 2409 ap·

112 2431 227 2508 pellani
345 2464 348 2469 <

183 2641 209 2704 ²¹⁸)
229 2637 310 2693 ticet
331 2638 427 2692 tamon
449 2654 506 2693 non
529 2639 585 2694 sint
609 2637 644 2693 ab
667 2638 731 2708 ipso
751 2636 924 2703 Quintiliano
947 2637 1073 2706 praefixi,

113 2708 150 2763 ad
168 2709 383 2778 grammaticum
403 2711 477 2763 certe
496 2709 588 2764 nescio
607 2725 689 2777 quem
708 2709 863 2778 pertinent,
881 2723 972 2776 neque
990 2706 1073 2764 intel-

113 2778 208 2848 legere
227 2796 341 2849 possum
360 2778 434 2834 unde
456 2782 525 2834 nata
543 2781 580 2834 sit
597 2780 649 2834 illa
666 2779 893 2848 perenchirescos
912 2795 978 2847 vox,
1001 2797 1073 2849 quae

113 2848 198 2904 semel
227 2849 297 2905 alibi
324 2851 410 2920 (apud
439 2848 612 2921 Ciceronem)
639 2850 752 2921 legatur
780 2865 842 2904 cnm
869 2849 1073 2919 significatione

112 2935 228 2989 prorsus
246 2921 311 2988 alia,
329 2922 383 2975 nisi
402 2922 508 2976 usitata
525 2921 719 2992 grammaticis
737 2921 799 2975 fuit.

168 3009 211 3077 **)
229 3007 333 3064 Docuit
356 3010 451 3079 potius
474 3012 503 3064 et
526 3011 595 3065 satis
613 3011 736 3065 dilucide
755 3008 898 3076 omnibus,
923 3009 971 3077 qui
989 3010 1074 3065 modo

112 3079 203 3135 velint
220 3081 402 3150 perpendere,
421 3081 550 3150 exposuit
568 3083 597 3135 in
616 3098 667 3135 sna
685 3079 809 3135 editione
826 3079 976 3149 Aerodius3
1001 3097 1074 3149 quae

114 3152 222 3221 egregii
240 3151 294 3205 viri
313 3151 452 3206 sententia
469 3155 502 3206 ut
519 3153 633 3207 caderet
648 3153 678 3205 in
693 3151 865 3206 oblivionem
878 3150 1073 3219 inde-factum,

114 3222 189 3290 quod
207 3221 267 3301 eius
285 3221 381 3290 editio,
401 3240 464 3304 cum
483 3222 543 3277 sola
561 3222 720 3277 Parmensis
739 3221 908 3276 auctoritate
926 3221 1072 3290 niteretur,

112 3292 188 3417 stt
201 3292 1075 3433 'intractatumbittirussis?

114 3436 250 3557 {amenta
263 3436 292 3488 et
307 3433 468 3489 confirmavi
481 3439 562 3489 tanta
576 3434 688 3489 adiecta
702 3434 784 3502 mole,
804 3434 837 3487 ut
850 3450 1012 3502 persuasum
1025 3435 1075 3489 ha·

137 3520 199 3559 carn
219 3520 275 3559 non
295 3504 395 3559 iterum
414 3505 473 3559 fore
492 3507 525 3559 ut
542 3505 736 3575 neglegantur.
