2392 3862
161 211 226 274 124
525 207 756 274 QUINTILIANI

160 373 368 439 cremandum
396 393 512 456 eorpus
541 373 728 437 universum
755 375 962 455 putaverunt.
1013 373 1125 438 existi·

159 463 256 528 matis
275 463 383 527 locum
402 461 495 525 illum
514 461 640 545 corpori
656 460 790 525 datum?
813 460 941 526 fulmini
955 460 1050 526 datus
1066 466 1125 528 est.

225 552 291 633 „At
308 554 468 634 tyrannus
486 549 622 614 fulmine
640 570 812 632 percussus
827 548 904 615 est.“
926 547 999 614 Hoo
1016 551 1125 636 magis

161 641 270 704 omnia
282 639 434 725 religiose
453 644 487 705 et
505 660 578 704 oum
598 660 676 704 euru
689 637 824 703 deorum
837 638 942 703 faeere
957 637 1124 705 debemus.

125 743 141 793 5
226 727 308 809 „Sed
327 728 362 794 in
382 727 454 793 loro
473 728 647 811 sepelietur
665 730 822 810 tyrannus
829 725 864 790 ?“
879 729 990 810 [quam
1001 727 1123 812 magis]

160 816 242 882 mihi
265 818 350 883 inter
374 820 481 882 uetere
504 816 602 881 etiam
626 816 689 880 hoo
712 836 839 898 quoque
862 816 1028 900 provisum
1052 838 1124 882 esse

161 906 231 971 fato
255 929 275 972 u
298 905 361 971 diis
384 904 612 970 inmortalibus
634 903 772 986 videtur,
796 904 880 988 quod
901 903 951 969 illi
974 905 1046 970 looo
1071 905 1124 971 de

161 995 301 1060 stinatus
329 998 388 1060 est.
437 1015 532 1059 nemo
565 993 647 1058 inire
675 991 783 1057 forum
811 995 959 1058 nostrum
991 996 1126 1080 poterit,

161 1085 239 1168 quin
257 1083 368 1148 videet
386 1081 468 1147 illud
487 1083 678 1165 sepulerum.
701 1082 850 1165 protinus
868 1083 956 1147 enim
971 1086 1125 1167 sequatur

108 1187 141 1236 10
161 1172 316 1256 cogitatio
339 1192 470 1236 neeesse
494 1174 558 1235 est:
580 1175 736 1255 tyrannus
760 1169 823 1235 fuit
846 1170 910 1252 ille,
934 1173 966 1234 et
988 1170 1126 1235 fulmine

160 1261 243 1325 iotus
264 1264 322 1344 est,
345 1262 378 1324 et
396 1261 437 1324 ob
457 1259 519 1324 hoo
537 1281 659 1342 poenas
687 1259 746 1324 diis
769 1257 1008 1323 immortalibus
1027 1260 1126 1325 dedit.

161 1351 310 1433 quotiens
333 1348 449 1413 noxios
473 1349 559 1412 eruci
582 1348 723 1433 figimus,
747 1348 972 1413 celeberrimae
999 1348 1126 1432 eligun-

160 1441 215 1502 tur
242 1438 329 1520 riae,
357 1436 414 1502 ubi
441 1436 573 1520 plurimi
600 1437 734 1519 intueri,
764 1436 899 1519 plurimi
927 1438 1126 1502 commoveri

160 1524 223 1588 hoo
245 1527 333 1588 metu
357 1525 494 1608 possint.
538 1526 644 1590 omnis
668 1524 754 1590 enim
776 1546 882 1608 poena
904 1546 970 1590 non
993 1528 1062 1590 tarn
1085 1526 1127 1590 ad

110 1629 142 1677 15
162 1611 384 1695 <vin>diotum
407 1613 564 1696 pertinet,
588 1636 684 1698 quam
710 1613 751 1678 ad
774 1613 980 1701 exemplum„

551 1787 750 1857 cmxxv.

345 1895 460 1963 Heres
480 1896 529 1963 ob
552 1895 759 1965 adulterum
782 1895 947 1963 fratrem.

163 2005 230 2082 Qui
259 2022 304 2071 or
331 2022 565 2073 unumunurn
587 2021 767 2071 recuruum
789 2021 997 2087 recuruum,
1024 2022 1126 2075 muo-

251 2111 414 2161 Mnrlosns
439 2111 504 2161 SIT.
543 2093 650 2162 Maior
672 2095 774 2160 freter
797 2094 958 2160 minorem
980 2094 1015 2159 in
1036 2095 1128 2161 adul·

108 2196 143 2246 20
251 2185 334 2249 terio
363 2183 582 2267 deprehendit.
627 2206 687 2267 pro
711 2183 792 2267 <eo>
815 2188 952 2269 rogante
975 2185 1070 2266 patre
1095 2188 1129 2251 et

252 2272 488 2338 abdicationem
513 2272 581 2339 eius
605 2273 830 2356 promittente,
858 2271 991 2337 dimisit.
1037 2273 1127 2337 abdi·

252 2365 343 2425 catus
363 2362 413 2424 est
433 2360 569 2426 adulter.
592 2363 721 2425 mortuo
740 2363 833 2443 putre
852 2361 1003 2425 inventus
1022 2360 1129 2445 heres,

254 2450 310 2532 qui
334 2447 603 2531 deprehenderat:
627 2447 864 2533 ignominiosus
888 2449 1016 2515 dieitur.

480 2566 814 2637 DECLAMA'PIO.

109 2707 143 2758 25
231 2675 302 2752 Qui
334 2678 537 2761 pecuniam
571 2679 617 2743 ob
652 2678 1130 2766 adulterium-uooeperit,

87 2786 90 2792 ·
163 2766 452 2851 ignominiosus
476 2767 535 2832 sit
566 2765 662 2833 Hane
684 2767 792 2854 legem
811 2767 966 2834 adversus
989 2789 1044 2833 eos
1062 2769 1128 2853 pri·

162 2875 252 2919 mum
276 2855 488 2921 constitutam
511 2877 582 2921 esse
606 2855 693 2940 dieo,
723 2857 779 2942 qui
802 2857 972 2942 pecuniam
996 2878 1128 2942 uooepe·

162 2946 252 3025 runt,
280 2946 317 3007 ut
345 2942 539 3009 adulterium
567 2946 839 3030 committeretur,
870 2945 1020 3031 ideoque·
1033 2946 1128 3032 igno-

163 3032 298 3097 miniam
322 3030 518 3117 adiunctam,
542 3034 628 3119 quod
651 3034 837 3101 viderentur
858 3056 927 3100 rem
950 3034 1064 3101 feoisse
1082 3036 1127 3100 le·

236 3161 249 3208 1
271 3153 432 3209 existimans
446 3157 476 3222 B,
496 3154 688 3211 existimamur
701 3161 721 3208 1³
735 3156 775 3226 16
793 3173 878 3224 quam
896 3161 990 3223 om.1³;
1009 3156 1128 3226 *[quam

162 3226 281 3297 magis];
299 3226 349 3280 ubi
366 3225 477 3295 magis?
496 3225 547 3293 Gr,
590 3227 634 3283 uie
652 3228 762 3296 mugio?
780 3227 824 3283 Ro
838 3229 848 3298 11
867 3234 882 3283 ‘l
901 3227 978 3282 tuoto
996 3231 1061 3281 nan
1080 3229 1090 3298 l
1109 3233 1126 3284 8

161 3299 258 3366 potest
275 3301 333 3366 AB,
352 3312 421 3353 corr.
440 3296 485 3352 Ro
498 3297 537 3366 19
556 3245 637 3352 illum
655 3300 774 3369 Δι1ρτ.
793 3316 858 3354 eum
877 3314 952 3368 sequ.
972 3305 1070 3354 rumor
1084 3301 1128 3355 in-

162 3372 250 3422 certus
269 3385 314 3436 ap.
335 3368 396 3439 Ρ111
411 3373 442 3422 11
460 3383 564 3439 penum
581 3372 602 3421 B
617 3371 674 3514 1115
694 3369 801 3424 dietum
819 3374 878 3439 AB,
897 3369 1060 3435 dormitam
1078 3371 1128 3426 de·

161 3438 260 3492 lietum
279 3439 336 3494 Aer
355 3440 365 3510 11
388 3451 420 3497 Ν
441 3445 464 3492 Δ
484 3442 494 3511 11
514 3445 549 3496 20
567 3439 622 3514 <eo
665 3441 702 3496 Pi
721 3442 779 3512 128
799 3440 1017 3513 deprehenditur
1034 3441 1129 3512 3125

154 3510 220 3565 adr,
243 3511 289 3564 eet
301 3528 348 3580 pr.
368 3517 410 3566 Aa
421 3513 432 3584 11
446 3517 481 3568 26
500 3511 563 3570 dieo
581 3515 671 3568 ona!
