2392 3862
110 232 162 287 XX
480 227 697 284 PRAEFATIO.

108 385 195 461 genis
218 381 379 455 Portensis,
403 380 441 440 ad
463 399 552 457 quem
574 380 650 438 falso
674 379 784 438 missus
807 383 872 438 erat
895 379 1015 438 libellus
1040 383 1073 439 et

108 484 207 559 ipsum
229 479 476 556 Lugdunensem,
498 478 599 537 ullam.

175 578 351 653 Praeterea,
375 576 401 635 si
423 578 522 635 certus
541 577 646 634 auctor
665 577 713 634 est
727 574 840 651 Caspar
853 575 996 635 Barthius
1016 566 1073 657 (ad

110 677 184 752 Pap.
208 675 285 735 Stat.
308 674 401 733 Theb.
426 672 482 750 IX,
507 674 569 732 169
593 690 663 749 pag.
688 666 775 753 96l7)
806 672 915 749 „etiam
938 673 1072 734 Basilius

110 774 208 834 Faber
236 764 442 853 (leto—76)
475 771 527 846 qui
559 770 769 830 scholasticum
799 771 915 830 lexicon
947 770 1073 832 Latino-

114 873 323 932 Germanicum
342 869 476 945 scripsit,
495 888 526 928 se
541 868 656 943 aliquot
674 871 813 928 centenae
827 868 1004 938 Quintiliani
1023 871 1075 930 de·

109 971 301 1030 clamationes
315 967 458 1026 habuisse
479 984 588 1043 easque
603 962 733 1042 Operino
753 967 938 1027 excudendas
953 967 1072 1028 dedisse

109 1067 213 1136 scribit
235 1067 267 1124 in
291 1058 347 1134 Qui
374 1060 691 1140 commemoratione“;
723 1082 813 1139 quam
840 1065 871 1123 in
898 1066 991 1125 lexico
1016 1067 1072 1126 illo

95 1184 169 1225 ,non
190 1163 318 1223 invenio.
354 1161 440 1221 Libri
463 1180 501 1220 an
524 1180 615 1221 manu
638 1161 741 1236 scripti
764 1162 885 1237 fiierint,
910 1163 1073 1222 admodum

110 1263 270 1337 incertum3
295 1259 385 1320 editio
410 1256 533 1334 Oporini
555 1259 639 1318 nulla
662 1260 768 1320 exstat.

176 1359 312 1435 Denique
335 1357 489 1416 Latinium
513 1348 703 1437 (1513-93
749 1349 763 1436 )
782 1357 813 1415 in
831 1357 910 1417 notis
931 1357 1072 1419 editionis

111 1456 352 1515 Burmannianae
366 1457 414 1514 ter
433 1447 475 1533 (p.
490 1455 563 1527 438,
583 1454 647 1512 439
667 1445 729 1535 bie)
757 1453 885 1530 legimus
904 1475 959 1531 „ex
977 1453 1074 1516 ΜὸΒιι

111 1554 224 1631 aliquid
246 1553 422 1629 protulisse,
445 1552 525 1627 quod
547 1550 704 1626 paululum
727 1551 853 1612 discedit
875 1571 894 1612 a
912 1553 1020 1614 codicis
1035 1555 1073 1633 A,

110 1653 142 1710 in
160 1671 217 1727 quo
233 1651 297 1710 solo
310 1650 343 1708 hi
357 1649 392 1708 de
407 1649 516 1725 quibus
530 1648 682 1724 loquimur
696 1648 753 1708 loci
767 1653 894 1727 exstant,
914 1653 1072 1728 scriptura.

38 1792 41 1797 «
112 1748 170 1808 Sed
194 1766 325 1808 errorem
349 1748 480 1823 aliquem
506 1748 580 1822 puto
609 1746 732 1806 subesse
758 1765 813 1806 nec
840 1767 875 1808 ex
903 1768 987 1826 mss,
1019 1751 1098 1810 sed‘

112 1866 149 1905 ex
172 1864 203 1907 se
228 1845 328 1921 potius
351 1844 505 1904 Latinium
528 1842 672 1902 hausisse.
710 1836 761 1922 (In
777 1845 1073 1922 ,lucubrationibus“

111 1945 188 2020 eius,
214 1943 303 2002 editis
325 1943 438 2001 Romae
468 1942 568 2019 1659,
595 1940 670 1999 nihil
692 1941 783 2017 inest,
812 1945 891 2019 quod
914 1944 952 2003 ad
975 1944 1074 2006 decla·

111 2041 258 2101 motiones
283 2039 461 2110 Quintiliani
483 2031 655 2116 pertineat).
807 2104 809 2109 .

199 2139 318 2213 Restat,
351 2141 386 2198 ut
417 2140 577 2215 postquam
604 2134 659 2195 Be
686 2136 834 2197 librorum
865 2138 945 2199 inter
976 2158 1008 2200 se
1041 2146 1074 2202 et

43 2270 69 2315 ι..
111 2255 179 2296 cum
202 2237 245 2296 eis
266 2236 318 2311 qui
332 2235 480 2312 deperditi
497 2237 703 2294 memorantur
720 2235 871 2296 codicibus
890 2238 1072 2300 coniunctio-

43 2314 63 2411 ξ’
110 2352 179 2392 nem
202 2332 435 2407 illustravimus,
462 2330 539 2389 libro
566 2329 736 2407 equoque
763 2333 823 2393 iam
851 2334 955 2395 demus
984 2356 1073 2397 suum

45 2414 50 2455 .·
112 2431 211 2490 locum
239 2431 270 2486 et
297 2429 419 2504 plenum
446 2428 627 2488 constituere
655 2446 795 2490 conemur
822 2432 955 2492 codicum
985 2436 1073 2510 quasi

112 2531 248 2587 stemma.

177 2623 236 2682 Est
253 2625 354 2682 autern
372 2622 402 2681 A
420 2642 479 2684 non
497 2623 583 2683 modo
602 2625 718 2700 plenior
736 2646 826 2703 quam
844 2628 899 2688 Bc
919 2634 949 2691 et
964 2650 1073 2692 novem

112 2720 376 2780 declamationibus
404 2721 531 2798 auctior,
560 2721 612 2781 sed
640 2722 730 2782 etiam
758 2726 924 2801 scripturae
946 2724 980 2787 in¹
1004 2729 1073 2789 nni-

111 2836 231 2879 versum
253 2818 334 2877 haud
357 2818 446 2878 dubie
468 2819 604 2897 potioris.
645 2819 772 2897 Propius
794 2822 902 2899 igitur,
926 2832 1073 2902 quantum

111 2916 182 2975 licet
217 2915 406 2992 intellegere,
444 2917 531 2976 abest
562 2917 600 2975 ab
631 2918 684 2976 illo
708 2919 871 2993 exemplari
899 2924 1072 3004 archetypo,

111 3013 192 3088 quod
224 3012 308 3089 signo
337 3012 352 3070 I
377 3013 453 3074 libet
479 3018 594 3076 notare.
644 3014 749 3075 Litera
770 3039 790 3074 α
811 3019 950 3080 notamus
974 3041 1073 3082 exem-

110 3111 178 3187 plar
209 3109 296 3185 illud,
333 3128 369 3169 ex
400 3132 458 3188 quo
494 3111 581 3171 fluxit
605 3114 647 3190 A3
674 3113 754 3189 quod
785 3118 979 3192 cognovimus
1024 3121 1073 3179 Χ0

112 3211 202 3267 saec.⁰
238 3207 331 3267 fuisse
353 3209 539 3285 mutilatum,
562 3211 718 3286 deperdIta
738 3215 825 3288 parte
842 3214 942 3290 priore
965 3222 995 3278 et
1013 3224 1074 3296 pri-

111 3305 168 3363 mis
196 3305 329 3380 paginis,
357 3325 484 3381 quarum
506 3306 626 3367 initium
649 3312 715 3369 erat
737 3329 756 3368 a
778 3310 852 3373 decl.
877 3315 940 3374 244
964 3319 1072 3396 media,

111 3400 271 3461 manifesto
303 3401 364 3462 situ
396 3404 545 3480 corruptis
560 3394 562 3401 ’
577 3405 741 3484 deletisque
773 3409 813 3468 ad
846 3411 979 3493 aliquam
1004 3437 1074 3493 par.

111 3502 173 3559 tem
197 3518 300 3558 earum
321 3500 427 3561 literis.
462 3500 673 3565 Controversia
695 3508 795 3582 petest
812 3509 929 3571 moveri
949 3513 988 3573 de
1009 3515 1080 3596 illo,
1131 3572 1135 3577 .
