2392 3862
142 241 207 306 322
507 240 734 308 QUINTILIANI

232 403 443 489 satisfaceret,
465 405 652 470 tabularum
675 425 833 470 novarum
852 404 924 488 lege
943 405 1014 469 laia
1033 427 1113 489 par·

230 497 296 557 iem
321 493 392 577 agri
413 493 506 578 petit.
541 494 598 558 ille
623 491 656 558 Ο.
680 492 720 559 D.

456 686 788 753 DECLAMATIO.

209 814 307 898 Ager,
335 835 430 899 quem
454 833 656 876 communem
680 813 775 878 nobis
799 834 869 877 esse
893 812 975 895 dieo,
997 814 1125 896 patris·

106 904 246 970 onosiri
268 902 340 968 fuir.
385 901 413 965 is
437 901 517 965 dnos
541 901 661 966 liberos
684 901 833 985 reliquii,
861 922 999 986 aequum
1024 904 1111 967 uiri·

141 1014 202 1075 que
226 992 286 1074 ius,
309 990 422 1056 eadem
444 991 574 1074 uirique
597 1011 695 1055 onera
716 990 800 1055 aeris
820 989 928 1075 alieni,
950 989 1033 1055 mihi
1054 989 1113 1079 (ui

139 1102 224 1145 nuno
248 1078 313 1165 est)
336 1079 428 1143 nihil.

208 1167 378 1254 ,‚Oessisii‚
400 1166 519 1251 inquii,
543 1165 654 1232 mihi.“
701 1165 735 1232 si
758 1166 821 1232 hoo
844 1167 914 1232 sine
936 1167 1005 1231 ulla
1029 1190 1110 1234 eon·

139 1259 289 1323 ventione
316 1257 479 1341 fecissem,
507 1256 535 1320 si
561 1256 652 1320 nulla
682 1257 804 1340 opponi
831 1255 907 1320 huic
930 1258 1007 1321 inae
1031 1258 1112 1323 vooi

88 1366 119 1414 10
138 1351 252 1430 posset
279 1347 439 1429 exceptio,
471 1345 623 1409 dicerem:
655 1344 935 1429 circumscripsisii
957 1343 1109 1431 fratrem,

138 1457 198 1499 neo
222 1434 351 1499 difficile
373 1433 447 1512 fuit,
469 1433 636 1497 minorem.
679 1433 765 1518 quod
788 1434 815 1498 si
838 1433 929 1498 nulla
952 1433 985 1497 vi
1008 1454 1108 1499 coao-

138 1527 200 1605 ωε,
222 1522 322 1586 nullis
345 1522 472 1587 insidiis
496 1520 542 1605 id,
566 1522 650 1605 quod
675 1523 779 1587 solum
797 1522 893 1587 nobis
913 1523 1006 1605 pater
1029 1523 1109 1589 reli·

104 1683 107 1693 y
139 1614 261 1694 querat,
284 1610 347 1674 tibi
370 1612 427 1674 uni
450 1610 606 1693 concessi,
629 1610 726 1675 debes
749 1610 870 1675 referre
894 1610 1002 1674 animo
1028 1631 1107 1695 gra·

137 1701 226 1763 iiam.
281 1697 354 1764 Hoc
388 1698 482 1763 fratri
518 1698 600 1762 bene
637 1699 809 1784 dioereiur;
848 1699 904 1764 sed
940 1702 1108 1783 quatenns

86 1807 118 1854 15
139 1788 228 1852 exuis
251 1809 370 1853 nomen
392 1787 481 1853 istud
505 1791 538 1852 et
560 1809 620 1851 nos
645 1788 686 1853 ad
708 1788 759 1852 ius
778 1789 884 1852 solum
903 1809 1016 1852 vocas:
1041 1790 1107 1854 snb

139 1877 325 1943 condicione
355 1877 451 1942 cessi:
480 1876 527 1941 sio
559 1876 646 1941 enim
674 1880 841 1960 tamquam
866 1876 965 1941 alieni
987 1876 1107 1961 loque·

137 1989 218 2031 mur.
265 1966 344 2031 steri
371 1987 448 2031 voce
479 1971 533 2030 ina
556 1965 600 2030 sn
624 1987 763 2050 aequum
786 1965 1001 2031 conventione
1025 1987 1106 2050 peo-

41 2096 46 2105 ·
137 2060 254 2121 torum.
291 2056 377 2141 quod
401 2054 496 2139 quale
518 2052 606 2119 fuit?
628 2057 665 2118 ui
688 2075 803 2139 agrum
825 2053 1017 2138 possideres,
1045 2054 1108 2141 ira,

137 2141 188 2229 (ui
212 2143 342 2229 opinor)
367 2148 403 2209 ui
427 2166 481 2208 aes
505 2144 662 2227 alienum,
691 2142 777 2227 quod
798 2143 904 2228 patris
928 2142 1003 2223 [tui]
1029 2142 1108 2228 fuit,

84 2249 117 2299 20
138 2234 290 2299 solveres.
334 2232 460 2296 nullam
485 2231 587 2316 igitur
609 2231 706 2296 huius
731 2232 803 2317 agri
825 2230 972 2296 habuisti
995 2231 1107 2298 adhue

136 2323 303 2404 propriam
326 2320 579 2404 possessionem,
602 2320 679 2402 quia
702 2341 921 2405 quaecumque
944 2319 1005 2384 sub
1026 2342 1107 2386 oon·

138 2409 264 2473 dicione
287 2409 469 2492 iraduniur,
491 2408 540 2473 iia
563 2408 692 2473 demum
714 2408 786 2472 fieri
807 2411 946 2493 possunt
967 2410 1107 2493 propria

138 2518 175 2560 ao
207 2497 398 2581 peculiaria,
433 2497 461 2560 si
493 2496 639 2562 condicio
672 2501 897 2561 consummata
929 2500 987 2561 esi.
1037 2496 1108 2563 fuit

136 2585 239 2670 igitur
273 2606 375 2669 usque
409 2585 450 2649 ad
487 2584 616 2649 tabulas
652 2607 753 2650 novas
790 2584 969 2651 eommunis
1005 2586 1107 2653 nobis

86 2691 119 2740 25
141 2694 226 2758 ager.
251 2677 284 2738 ei
306 2679 344 2738 ut
365 2672 493 2738 facilius
518 2680 682 2758 appareat,
704 2674 867 2759 fingamus
891 2678 924 2740 te
948 2695 1002 2738 aer
1025 2675 1107 2743 elie·

140 2784 218 2826 num
241 2763 385 2827 noluisse
410 2762 545 2847 solvere,
576 2762 681 2848 egisse
703 2764 792 2846 pecii
815 2762 911 2829 huius
933 2763 1107 2846 paeniten-

135 2851 230 2916 tiam:
253 2874 332 2915 num
356 2852 489 2917 dubium
514 2854 576 2934 esi,
605 2852 684 2935 quin
711 2873 772 2937 ego
796 2856 950 2917 venturus
974 2851 1105 2936 optimo

135 2940 204 3005 inre
233 2940 267 3005 in
294 2941 378 3006 hano
404 2941 522 3006 fiierim
544 2940 806 3024 possessionem?
833 2963 900 3006 non
923 2940 1109 3027 quaeritur,

134 3034 173 3096 ut
196 3031 321 3114 opinor.
356 3052 433 3095 nam
459 3029 588 3094 etiamsi
615 3028 678 3094 hoo
703 3029 789 3095 inter
813 3051 872 3095 nos
896 3033 1106 3116 convenerat,

208 3249 223 3296 2
242 3244 291 3297 ille
311 3241 339 3295 O.
354 3239 387 3296 D.
406 3256 457 3294 om.
476 3241 551 3309 3113
579 3238 813 3294 declamac⁷o
831 3239 878 3307 Au
896 3244 912 3293 8
932 3237 1104 3296 condicione

135 3314 201 3368 Rea
220 3320 244 3367 et
262 3314 319 3379 Ro,
344 3313 392 3378 ose.
411 3315 504 3376 v.16;
522 3314 636 3366 21-22
659 3311 668 3379 ΙΙ
693 3316 724 3364 12
744 3310 774 3364 id
793 3311 889 3365 delerit
905 3314 946 3362 Ab
964 3311 973 3379 ΙΙ
994 3315 1107 3366 13-14

133 3403 173 3452 gr.
193 3387 225 3438 ui
243 3384 276 3440 fr.
291 3388 330 3436 Ab
345 3384 354 3451 ΙΙ
370 3388 402 3436 17
422 3398 491 3437 voce
523 3381 583 3435 iure
602 3383 722 3452 Pilmea
739 3385 799 3447 AB,
818 3397 887 3436 cerr.
902 3380 946 3435 Ro
964 3381 1014 3447 cfr.
1029 3382 1106 3457 υ.9,ΙΙ

133 3454 281 3509 sitacium
300 3469 359 3508 oon.
378 3453 422 3522 Bi
437 3458 470 3506 19
502 3452 557 3523 tui]
576 3451 632 3507 Obr
645 3454 654 3521 ΙΙ
668 3458 701 3507 23
722 3468 755 3507 ao
773 3469 824 3507 om.
843 3455 884 3504 Aa
897 3451 906 3520 ΙΙ
919 3450 1104 3521 panulia-

134 3525 190 3578 ria
208 3522 429 3593 Auariionlarie
447 3527 468 3575 B
