2392 3862
158 231 225 296 422
524 229 754 296 QUINTILIANI

552 409 727 477 SERMO.

226 532 299 600 Hoc
323 539 373 600 est
397 534 626 600 difficillimum
648 536 684 601 in
701 535 762 600 hac
781 535 1009 618 controversia,
1033 534 1120 618 quod

158 622 193 686 in
226 622 336 689 eadem
359 622 548 689 condicione
581 630 614 688 et
643 623 811 709 parricidii
848 627 881 688 et
916 623 1032 688 mortis
1070 626 1121 687 est

160 711 297 777 militiae
320 715 443 778 metus:
467 733 562 796 quem
586 713 613 777 si
635 712 827 796 infitiamur,
849 733 915 777 non
937 710 1120 796 habuimus,

123 815 217 865 seur
238 798 301 884 ipsi
324 800 481 867 vellemus
504 799 602 886 mori3
632 799 659 865 si
681 800 831 884 fatemur,
853 799 1039 882 habuimus,
1063 821 1120 865 cur

158 890 287 973 patrem
309 889 468 955 vellemus
493 888 645 954 occidere.
691 889 797 954 medio
829 887 930 972 igitur
960 893 1120 971 tempera·

159 980 270 1042 mento
294 999 374 1062 opus
399 980 458 1042 est.

491 1200 781 1270 ooouxxvffl.

384 1325 522 1394 Auctor
543 1327 640 1412 pacis
663 1326 891 1394 abdicandus.

106 1489 140 1539 10
159 1469 257 1535 Victa
279 1470 405 1534 duobus
428 1470 562 1554 proeliis
586 1471 727 1555 civitate,
749 1472 849 1536 tertia
871 1471 1032 1535 instructa
1051 1472 1119 1536 acie

248 1557 414 1641 pollicitus
442 1578 555 1643 pacem
583 1559 786 1642 adulescens,
819 1559 848 1624 si
877 1558 1120 1643 permitteretur

248 1645 311 1710 sibi
334 1666 408 1710 cum
431 1645 511 1711 duce
533 1646 679 1711 hostium
706 1647 811 1731 loqui,
833 1648 914 1731 l'post
940 1646 1120 1712 discessum

248 1755 360 1799 eorum
383 1735 460 1820 quia
482 1757 548 1800 non
570 1735 696 1814 indicat
713 1735 814 1820 patri,
838 1736 1015 1800 abdicatur.

473 1910 807 1978 ocerannum.
885 1896 888 1900 ‘

106 2052 140 2103 15
225 2034 303 2102 Non
326 2057 397 2101 esse
418 2035 628 2122 privilegium
650 2037 840 2123 parentibus
864 2037 975 2102 datum
998 2040 1120 2119 †men-

159 2123 260 2205 tior.†
306 2125 417 2189 datam
445 2146 516 2189 esse
548 2124 642 2191 video
675 2126 786 2191 liberis
818 2125 1036 2209 respondendi
1062 2149 1119 2210 po·

158 2217 327 2296 testatem,
367 2217 400 2278 et
435 2213 475 2278 de
508 2213 711 2280 abdicatione
742 2215 880 2280 iudicem
913 2234 1119 2299 cognoscere.

159 2301 230 2369 dico
254 2301 356 2388 igitur
380 2306 469 2366 certa
492 2324 571 2386 esse,
594 2323 676 2386 quae
699 2303 861 2388 imperent
883 2306 1007 2387 patres:
1030 2305 1119 2368 navi·

160 2391 337 2475 gationem,
356 2389 522 2472 militiam3
545 2389 704 2473 quaedam
723 2391 842 2474 excipi:
867 2391 1037 2473 senatoris,
1051 2414 1120 2457 ma·

107 2494 142 2543 20
161 2476 335 2561 gistratus‚
359 2476 473 2541 iudicis
498 2477 707 2543 sententiam:
735 2483 769 2543 et
790 2479 911 2544 liberos
935 2501 1019 2560 esse,
1042 2480 1120 2565 quia

161 2565 256 2631 cives.
301 2563 385 2628 hanc
413 2586 489 2629 vero
516 2586 638 2629 novam
666 2567 784 2650 legem,
808 2567 973 2633 silentium
997 2568 1120 2634 crimen

161 2674 240 2718 esse.
287 2673 361 2717 cum
391 2651 558 2718 abdicetur
589 2654 798 2738 procacitatis
829 2655 1025 2740 petulantia,
1058 2657 1118 2722 sub

159 2742 223 2807 hoc
244 2743 339 2825 patre
360 2743 469 2806 tacere
490 2762 558 2806 non
581 2742 666 2808 licet
695 2742 782 2828 finge
799 2747 833 2809 te
852 2767 1016 2829 quaerere,
1039 2744 1119 2829 quid

161 2829 265 2896 amico
287 2828 483 2895 deliberanti
505 2831 677 2896 suaserim:
700 2832 928 2917 extorquebis?
951 2853 1051 2917 quare
1069 2833 1119 2898 iu-

108 2935 141 2986 25
161 2917 221 2984 dex
243 2940 335 2983 raum
358 2917 601 2985 damnaverim?
625 2942 722 3004 quam
745 2921 906 2987 rationem
929 2925 1062 2987 senator
1084 2922 1120 2987 in

162 3007 324 3074 sententia
351 3009 480 3073 secutus
504 3008 589 3073 sim?
634 3009 699 3075 isto
723 3010 818 3075 modo
841 3010 1015 3076 levissimis
1039 3032 1118 3095 quo·

161 3119 224 3182 que
246 3097 352 3164 causis
371 3095 578 3181 expellamur,
601 3101 635 3161 et
653 3101 826 3184 utcumque
844 3098 992 3164 delicatis
1011 3099 1119 3165 visum

232 3295 250 3343 4
274 3288 437 3345 infatiamur
460 3293 502 3342 Aa
527 3289 537 3360 ΙΙ
564 3293 581 3343 5
606 3288 666 3359 ipse
691 3293 714 3342 Δ
741 3291 750 3360 ss
778 3297 794 3344 6
819 3292 928 3360 patrem
952 3307 1003 3346 om.
1026 3292 1078 3359 1³ss
1102 3296 1118 3345 8

162 3358 357 3416 OOCLXXVII
374 3364 452 3413 B—l’
465 3361 475 3431 l
489 3365 522 3414 11
541 3361 718 3428 permitteret
734 3365 755 3413 B
769 3361 778 3429 l
796 3367 830 3415 12
850 3360 988 3417 discessus
1007 3363 1070 3432 Aafl
1086 3367 1118 3416 16

157 3430 383 3572 innffigrbuolprnss
406 3431 504 3486 datum
521 3434 543 3483 B
565 3432 575 3501 ΙΙ
598 3435 631 3486 18
650 3430 790 3501 imperant
806 3433 850 3502 ΡΙΙ
868 3437 903 3486 24
920 3435 950 3488 et
967 3434 1118 3503 torquebas
