2392 3862
155 219 199 285 60
521 217 749 284 cumulemur

154 384 292 448 mentita
324 380 402 447 est.“
445 379 639 464 Defendam,
670 379 816 446 iudices?
849 380 1001 447 absoluta
1032 387 1125 450 sunt

155 493 216 556 ego
240 492 315 536 vero
334 471 422 536 malo
440 490 511 535 esse
529 469 660 552 crimen,
682 473 720 535 ut
735 469 823 554 patri
842 468 916 553 plus
931 468 1124 539 debeamus.

153 559 318 643 Deceptus
344 579 391 623 es:
421 558 470 624 ita
494 558 609 623 melles
634 557 737 623 filiam
762 560 853 623 tuam
870 562 1001 642 raptam
1018 560 1122 627 esse?

154 647 240 713 Volo
273 649 319 714 sic
352 646 525 713 defendere·
551 646 705 731 puellam,
731 650 900 731 tamquam
921 647 1046 714 factum
1074 650 1124 716 sit

120 751 137 800 e
155 737 258 821 ipsius
273 737 376 821 culpa.
398 735 479 801 haec
493 733 593 820 quid?
611 734 766 820 »ignosce
788 757 855 802 non
873 739 924 801 est
941 735 995 801 hio
1009 758 1123 803 amor:

156 829 269 911 gratus
297 825 423 891 animus
447 827 524 889 est«
569 845 611 889 an
633 824 692 889 ille
714 823 778 889 sibi
805 825 908 905 ullum
935 824 1122 893 fideliorem

154 915 224 980 fore
242 918 313 980 tota
331 913 401 979 vite
419 913 628 996 existimaret,
649 933 748 997 quam
767 934 849 993 eum,
869 913 922 978 cui
939 914 1122 981 secundum

153 1008 186 1068 te
211 1003 328 1068 debeat
349 1001 545 1085 plurimum?
568 1001 687 1085 cogita,
710 1021 792 1086 quae
814 1001 936 1067 fuerint
955 1001 1013 1066 illa
1032 1003 1120 1087 peri·

154 1092 238 1175 cula,
257 1114 295 1157 ex
315 1091 434 1175 quibus
453 1089 570 1173 evasit3
593 1110 675 1174 quae
687 1093 911 1175 tempestates,
929 1091 984 1175 qui
997 1089 1121 1158 fluctus

102 1195 134 1245 10
155 1185 189 1245 et
216 1179 388 1264 naufragia
415 1182 448 1243 et
474 1181 593 1262 cetera,
620 1199 701 1262 quae
723 1177 806 1242 nihil
829 1177 987 1244 divisione
1010 1185 1123 1267 egent,

153 1270 295 1334 nomina.
341 1265 404 1333 Sed
433 1287 563 1333 omnem
589 1266 674 1333 hanc
701 1267 831 1351 culpam
854 1267 991 1350 maritus
1014 1267 1057 1333 ud
1081 1291 1121 1336 se

153 1356 270 1423 trahit:
293 1357 398 1422 »nihil
421 1359 549 1421 tantum
568 1355 677 1440 puella
695 1354 865 1442 cogitavit3
888 1355 1044 1441 quidquid
1065 1362 1123 1424 est

153 1446 250 1529 istud,
273 1466 333 1530 ego
357 1444 433 1531 feci3
459 1444 692 1529 qualecumque
715 1443 804 1509 istud
826 1447 885 1528 est,
908 1465 1016 1509 meum
1040 1465 1121 1513 con-

155 1533 263 1598 silium
287 1537 346 1598 est.
390 1538 427 1599 tu
449 1534 596 1619 ignosce,
623 1533 679 1617 qui
702 1533 813 1598 soles«
850 1531 998 1599 recedere
1021 1533 1120 1601 iubes

102 1639 134 1688 15
155 1644 175 1687 a
198 1621 315 1686 marito
338 1621 422 1686 tali?
445 1643 509 1705 qua
525 1621 659 1687 tandem
678 1621 797 1686 causa?
819 1642 942 1706 pauper
959 1625 1019 1687 est
1048 1644 1120 1689 non

154 1710 282 1775 solebat
308 1709 372 1776 hoc
401 1710 450 1774 illi
479 1710 565 1794 apud
598 1715 632 1776 te
661 1731 778 1775 nocere
809 1709 1017 1795 †relinquam
1056 1732 1120 1779 nec

154 1799 252 1877 dico†
264 1820 453 1883 pauperem:
475 1820 553 1865 nam
574 1800 608 1864 in
631 1798 841 1864 matrimonio
865 1798 996 1884 quidem
1017 1798 1121 1886 filiae,

153 1887 239 1972 quod
268 1888 397 1953 solebat
422 1887 583 1973 sufficere,
610 1891 643 1952 te
671 1891 802 1953 auctore
828 1887 952 1971 nupsit,
979 1891 1013 1952 te
1041 1887 1121 1955 hor·

151 1981 244 2042 tante
282 1976 403 2061 nupsit.
454 1975 553 2042 redde
591 1976 753 2042 radonem
793 1975 884 2040 illius
925 1977 1122 2045 sententiae.

98 2082 132 2132 ao
153 2066 301 2150 quamvis
324 2070 455 2151 putares
477 2070 582 2150 turpe,
603 2070 716 2131 tamen
734 2063 898 2150 cogitasti,
921 2064 999 2149 quid
1021 2087 1121 2150 prae-

152 2155 294 2221 stitisset
316 2154 403 2222 filiae
427 2159 513 2221 tuae.

545 2415 718 2484 SERMO.

218 2557 258 2621 In
292 2579 418 2622 summa
444 2561 538 2642 parte
566 2558 812 2626 declamationis
840 2563 1012 2644 utrumque
1038 2582 1121 2647 pro-

152 2647 304 2712 ducemus
340 2649 374 2711 et
409 2667 469 2730 pro
501 2651 638 2734 utroque
669 2649 794 2733 pariter
824 2648 1028 2735 rogabimus,
1062 2652 1121 2719 sed

97 2753 131 2802 25
151 2735 320 2820 aliquanto
352 2735 458 2820 magis
490 2759 548 2821 pro
580 2738 698 2804 marito
730 2736 859 2803 misero.
903 2736 995 2803 decet
1027 2740 1118 2807 enim

226 2934 237 2980 1
259 2926 386 2982 deflendo
404 2927 460 2983 iste
477 2926 582 2983 indices
599 2930 647 2998 η
668 2934 684 2982 3
704 2929 746 2982 Ἀ
765 2932 803 2997 Α,
830 2931 874 2985 est
891 2933 925 2998 B,
944 2945 1013 2986 corr.
1031 2931 1092 2987 Aer
1106 2933 1119 3005 ΙΙ

151 3004 166 3052 o
186 2997 309 3067 ignoscis
328 3002 407 3064 ω,
425 2998 548 3069 ignoscit
565 3003 614 3067 Ab,
632 3015 701 3055 corr.
715 2998 813 3069 Rofll
833 3001 1016 3056 secundum
1035 3003 1116 3072 ΑΗ

149 3069 256 3124 fructus
276 3071 339 3138 Asu
354 3075 388 3126 18
407 3069 478 3125 *eol
497 3085 598 3125 nocere
616 3073 677 3138 n,
705 3088 761 3140 quo
777 3073 886 3127 ratione
903 3072 1002 3128 aucus
1023 3088 1116 3130 corre

148 3143 235 3196 aerim
266 3142 380 3210 exposui
403 3141 435 3195 ia
448 3141 544 3210 proteu
564 3161 586 3208 .‚·
602 3158 669 3197 nam
687 3140 717 3196 in
735 3140 858 3199 matrim.
878 3160 924 3212 qu.
943 3141 1027 3212 filiae,
1045 3142 1117 3219 (ei)

149 3211 254 3280 quode.
268 3209 426 3284 noc.,<n0n
443 3210 541 3267 nocuit
566 3213 620 3266 :te
639 3214 712 3269 auct.
732 3218 777 3270 etc.
796 3213 848 3269 Ro.
875 3215 1005 3281 sortasse.-
1023 3214 1116 3271 *nam

148 3280 213 3353 (si)
231 3281 260 3336 in
279 3301 313 3337 m.
335 3300 381 3351 qu
400 3282 419 3337 f.
438 3281 493 3338 hoc
512 3297 563 3338 so.
581 3299 694 3339 noceret
721 3285 750 3338 te
769 3285 842 3340 auct.
861 3287 871 3354 l
889 3290 923 3341 20
941 3282 1116 3354 *putaretur

149 3369 215 3420 pem
233 3357 285 3419 Ae,
313 3353 409 3422 putari
432 3355 545 3423 turpem
569 3358 623 3422 Ab,
648 3357 777 3424 putarem
802 3357 886 3425 turpe
910 3360 931 3408 B
954 3358 964 3423 Ι
986 3356 1051 3424 quis
1067 3374 1114 3462 pr.

147 3427 188 3475 Δι
201 3423 262 3548 i'lil
282 3424 351 3493 quid
368 3423 443 3548 Ἓξ
461 3429 485 3477 Δ
503 3427 513 3495 ΙΙ
535 3429 571 3480 24
588 3425 713 3496 regimus
731 3431 754 3479 A
777 3428 787 3496 11
809 3426 855 3480 *et
872 3427 909 3482 al.
928 3430 976 3482 ss
989 3430 1000 3497 l
1013 3431 1048 3483 25
1084 3428 1116 3487 d.

149 3512 191 3550 en.
210 3511 219 3548 1
245 3536 251 3549 .
271 3512 365 3552 amare
