2392 3862
336 249 655 306 DECLAMATIONES.
675 249 838 306 ccccm.
1000 248 1066 312 405

113 417 146 480 te
180 418 379 479 servaverat:
411 414 530 478 meruit
563 415 699 479 exulare.
751 413 807 479 sed
839 416 920 497 puta
951 411 1071 475 iniuste

114 503 291 567 abdicasse:
319 507 413 586 pater
442 508 499 567 est.
545 525 610 568 non
641 503 832 586 respicimus
856 501 891 566 in
913 499 1072 566 eiusmodi

112 592 252 672 fortuna,
277 591 354 675 quid
377 592 541 656 meruerit.
573 593 709 676 denique
737 590 814 674 quid
832 591 929 655 faciet
947 589 1072 667 mulier,

112 703 184 746 cum
215 681 255 745 ad
284 681 415 744 ianuam
439 681 586 745 venerit?
625 684 657 744 et
681 680 872 764 quantulum
896 683 958 762 est,
986 677 1073 762 quod

112 769 281 854 praestat?
1092 781 1108 831 o

180 857 249 932 Quo
278 879 362 922 nunc
391 880 425 921 se
454 859 574 923 misera
601 857 768 923 conferet?
812 878 884 921 cum
908 859 1001 938 patre
1024 855 1074 917 ni-

115 946 234 1009 mirum
257 946 504 1010 mendicandum
527 946 637 1011 habet.
671 947 767 1011 facile
791 950 902 1010 tamen
920 943 1072 1007 maritum

115 1035 272 1100 inveniet:
290 1037 419 1100 tantum
438 1058 478 1100 ne
497 1037 618 1119 inpune
635 1038 724 1100 laesa
745 1035 798 1119 sit,
817 1034 970 1099 solatium
983 1031 1074 1116 petit.

483 1226 701 1297 GGOLXIX.

367 1350 489 1418 Armis
513 1353 671 1437 sepulcri
693 1352 821 1427 victor.

115 1476 287 1543 Srruncrn
320 1494 465 1542 vronam
499 1495 554 1544 sm
587 1496 697 1546 acmo.
749 1477 886 1554 Quidam
914 1499 1006 1542 arma
1034 1477 1072 1540 de

204 1566 351 1651 sepulcro
371 1565 433 1630 viri
457 1566 565 1650 fortis,
595 1569 661 1633 suis
685 1567 901 1652 consumptis,
928 1567 1074 1649 sustulit3

203 1656 306 1721 victor
329 1655 483 1737 reposuit.
521 1678 595 1722 reus
619 1661 669 1722 est
692 1657 805 1722 violati
829 1657 977 1739 sepulcri.

427 1814 763 1882 DECLAMATIO.

180 1940 277 2004 Potui
310 1941 456 2024 infitiari,
490 1939 575 2023 quod
608 1939 757 2003 obicitur.
804 1938 950 2002 detracta
984 1959 1074 2002 arma
1094 1953 1127 2003 ιι

116 2028 216 2092 dicis?
252 2047 347 2111 nego.
380 2027 540 2092 mentior?
573 2049 682 2090 eamus
711 2027 745 2090 in
772 2048 840 2090 rem
864 2031 1076 2111 praesentem.

117 2115 327 2180 adnumerare
356 2117 446 2180 volo:
484 2117 511 2180 si
540 2115 714 2199 quidquam
747 2114 897 2196 defuerit,
930 2114 1076 2179 damnari

116 2204 201 2268 volo.
236 2204 293 2267 sed
315 2226 380 2269 non
405 2226 611 2287 corrumpam
631 2203 771 2289 gloriam
790 2225 905 2285 meam,
928 2207 966 2267 ut
985 2203 1076 2268 dissi-

117 2293 246 2374 mulem,
269 2296 402 2377 propter
425 2293 510 2376 quod
530 2293 580 2357 vir
597 2292 691 2357 fortis
710 2293 887 2356 honoratus
908 2315 987 2356 sum.
1021 2293 1076 2356 scd

117 2381 191 2464 quid
225 2381 366 2447 faciam?
403 2404 468 2446 non
492 2381 570 2446 licet
592 2380 674 2445 mihi
697 2381 762 2445 ista
784 2403 925 2446 narrare.
971 2381 1076 2446 obstat
1095 2397 1130 2447 ιο

116 2470 214 2534 livor:
238 2474 271 2535 et
293 2470 339 2554 id,
364 2492 426 2554 quo
451 2471 561 2535 salvus
584 2475 643 2553 est,
667 2470 743 2534 odit.
779 2471 997 2554 „sepulcrum,
1028 2471 1075 2534 in·

116 2559 195 2643 quit,
219 2559 377 2623 violasti.“

183 2646 329 2712 Nont
292 2654 329 2712 ut
330 2669 466 2733 cumque
494 2648 671 2732 attingitur
700 2649 895 2734 sepulcrum,
926 2649 1028 2713 violat
1014 2652 1075 2713 t.ur

117 2737 237 2821 alioqui
259 2757 319 2801 nec
341 2736 456 2818 inferre
479 2741 564 2803 mort
565 2759 624 2801 uos
647 2736 738 2820 licet,
764 2759 824 2802 nec
852 2738 1005 2821 conlapsa
1028 2759 1075 2801 re-

116 2826 225 2909 ficere,
262 2846 323 2890 nec
359 2847 483 2892 ornare.
537 2829 595 2890 aut
627 2824 653 2888 si
687 2829 859 2909 utcumque
892 2830 941 2890 att
927 2826 1076 2911 tingitur,
1095 2840 1129 2890 ao

121 2914 271 2997 violatur,
303 2913 354 2978 bis
378 2915 485 2999 e[r]g0
508 2913 647 2999 peccavi,
670 2916 703 2976 et
725 2935 798 2978 cum
817 2916 932 2979 sustuli
952 2919 1076 2978 etcum

115 3002 257 3087 reposui.
303 3000 449 3067 sednon
470 3003 519 3068 ita
541 3006 600 3067 est.
631 3005 665 3067 et
687 3024 777 3066 mens
801 3002 993 3067 absolvetur
1030 3002 1078 3067 sic

117 3088 256 3157 Romani
288 3089 432 3177 gloriose
463 3090 646 3177 spoliarunt
676 3089 800 3175 Iovem3
831 3091 877 3154 sic
905 3088 1077 3174 Saguntini

1095 1404 1128 1453 10

246 3289 248 3292 <
363 3306 366 3311 ,
447 3245 1076 3330 ιἰιιιιιηΑΙΊιιιοιίιιιιιιιιιΡμιιθιιι

421 3366 424 3373 .
486 3316 775 3385 ,immnuta
794 3316 1076 3386 BlllllviriBllw

97 3404 130 3459 ·,
179 3385 181 3392 ’
431 3387 465 3440 's
653 3390 717 3457 n,
747 3400 817 3443 corr
841 3386 906 3456 Pap
936 3386 1077 3462 lic<cr)et
1154 3403 1159 3411 ·

101 3460 119 3483 ‘'
746 3461 782 3515 W
800 3459 850 3515 aed
867 3475 917 3515 om.
936 3460 981 3530 ΒΙΙ
998 3476 1076 3515 meus

679 3533 681 3536 ’
750 3528 980 3608 ,μιίἰιιιιιιιιιιι
