2392 3862
132 215 197 278 416
496 213 722 280 QUINTILIANI

134 377 227 442 set‘?“
250 378 277 441 si
301 398 352 441 me
374 377 571 462 interrogas:
596 380 768 462 occupatus
793 399 873 461 sum,
896 399 962 441 non
981 375 1094 460 audio,

136 467 163 532 si
186 465 339 550 patriam:
373 465 518 531 desertor
542 470 599 530 est.
645 466 817 549 quaedam,
845 466 979 550 iudiceS,
1007 487 1092 530 corn·

135 554 262 640 paratio
287 555 413 618 minuit.
445 576 503 638 per
526 577 560 619 se
580 553 708 619 crudele
726 554 797 639 fuit,
820 554 925 638 perire
943 553 1093 618 fratrem:

137 644 192 707 sed
217 645 441 728 comparatum
464 642 554 727 mihi,
576 643 754 708 tolerabile.
801 644 878 726 quid
901 643 1001 726 ergo?
1033 663 1094 726 ego

100 731 314 816 aperissem?
350 731 523 816 „fratrem,
546 732 662 815 inquit,
687 730 844 797 servavi.“
877 731 987 815 itaque
1010 752 1096 796 nuno

136 820 238 884 frater
260 823 294 885 te
318 820 460 885 abdicat:
487 820 545 883 ille
568 820 715 884 beneficii
739 822 878 906 gratiam
902 820 1010 904 debet,
1034 839 1095 904 ego

138 909 263 993 peccati
286 930 433 992 poenam.
471 908 527 972 sed
552 908 649 993 quid?
673 909 702 973 si
724 930 791 973 non
810 909 930 992 pietate
948 908 1096 990 servasti,

138 997 194 1061 sed
217 1001 254 1061 ut
271 1019 323 1062 me
342 996 525 1062 occideres?
549 1001 707 1081 quantum
725 998 759 1060 in
777 1002 810 1061 te
828 997 900 1079 fuit,
923 996 1096 1061 damnatus

139 1108 219 1150 sum.
250 1083 398 1170 „Adfui“,
421 1085 535 1169 inquit.
572 1085 705 1170 Alioqui
729 1084 922 1150 abdicareris
945 1086 1096 1150 tantum?

84 1403 117 1453 10
492 1383 740 1455 CCCLXXVI.

138 1542 337 1626 Expositus
365 1541 509 1637 iuratus
537 1544 582 1609 ob
605 1544 750 1628 nuptias
773 1543 976 1611 educatoris
999 1543 1096 1609 filiae

480 1664 751 1751 <abdicandus>.

143 1824 278 1902 Quidem
302 1826 444 1892 moriens
469 1826 676 1910 adulescenti,
700 1849 795 1911 quem
817 1850 876 1911 pro
900 1828 967 1893 filio
988 1829 1098 1893 educa-

230 1918 330 2000 verat,
353 1915 569 1979 indicaturum
594 1937 627 1980 se
651 1938 745 1981 veros
764 1920 916 2000 parentes
935 1917 1101 1999 pollicitus

91 2021 123 2070 15
232 2008 295 2087 ost,
328 2004 356 2069 si
384 2004 525 2069 iurasset
552 2026 586 2068 se
614 2004 728 2088 filiam,
762 2026 857 2090 quam
887 2006 1101 2089 relinquebat,

231 2093 403 2157 ducturum
427 2114 569 2157 uxorem.
602 2093 722 2158 iuravit
745 2093 942 2159 adulescens.
974 2095 1030 2158 ille
1053 2095 1102 2159 de·

231 2183 327 2246 cessit.
352 2184 428 2265 post
451 2185 591 2247 mortem
611 2181 793 2247 educatoris
812 2205 831 2246 a
849 2184 991 2247 naturali
1009 2185 1104 2266 patre

231 2272 387 2354 receptus,
412 2271 491 2354 quia
512 2292 579 2335 non
600 2271 672 2335 vult
695 2271 807 2336 orbam
830 2271 965 2336 divitem
989 2271 1103 2337 ducere

231 2380 378 2442 uxorem,
402 2358 579 2423 abdicatur.

90 2567 123 2617 20
456 2550 791 2617 DECLAMATIO.

209 2689 351 2756 Abdices
380 2695 448 2756 tarn
477 2693 563 2758 cito?
601 2695 629 2759 si
655 2717 723 2759 non
747 2717 835 2760 eram
858 2695 1006 2782 idoneus,
1038 2721 1104 2763 non

146 2802 234 2845 eram
262 2780 475 2863 recipiendus.
522 2786 590 2846 tarn
619 2784 736 2869 exiguo
760 2789 907 2870 tempore
931 2787 1008 2872 quid
1031 2809 1106 2872 pec-

145 2890 217 2934 care
240 2868 354 2953 potui?
379 2869 510 2934 etiamsi
533 2871 609 2955 quid
628 2873 767 2955 peccavi,
791 2874 938 2959 ignosce:
961 2877 1104 2941 nondum

116 3075 119 3079 ’
216 3066 233 3114 4
252 3077 311 3142 ego·
324 3077 374 3116 om.
394 3063 437 3142 Ι1ἸΙ
451 3067 520 3116 5-6
539 3081 614 3118 nuno
630 3064 748 3120 fratrem
767 3066 880 3122 abdicet
897 3071 918 3119 B
932 3069 942 3136 u
957 3073 971 3120 7
990 3069 1107 3134 peccavi

144 3135 165 3183 B
184 3133 194 3200 ΙΙ
211 3131 313 3201 pietau
332 3132 443 3187 semoti
461 3136 524 3201 AB,
549 3150 617 3192 corr.
638 3135 691 3190 ocu
711 3138 721 3207 ΙΙ
739 3141 755 3190 8
774 3137 908 3192 occideris
926 3140 977 3189 ΑΒ
995 3138 1005 3205 ΙΙ
1024 3143 1039 3190 9
1058 3140 1107 3191 tffi

144 3205 177 3269 B,
197 3204 331 3258 tamen?
353 3204 363 3273 Ι]
387 3210 419 3258 12
439 3203 678 3287 *<abdicandus>
699 3209 709 3278 {l
734 3214 836 3263 16-17
860 3207 931 3261 dixit
948 3210 1011 3273 ΔΒ,
1036 3223 1105 3264 corr.

145 3274 203 3327 Aer
216 3275 225 3345 ss
240 3280 273 3328 18
293 3281 311 3343 q
328 3281 348 3328 n
368 3280 400 3344 Δ,
419 3293 437 3346 q
455 3293 491 3330 an
508 3279 538 3343 B,
557 3277 605 3343 qui
624 3280 688 3331 ante
706 3284 735 3346 1’,
754 3295 823 3334 corr.
841 3277 921 3349 Accu
942 3282 1045 3332 lo-19
1064 3278 1106 3332 iu-

145 3343 220 3399 ravit
243 3345 413 3404 adulescens.
446 3345 494 3402 ille
518 3347 644 3402 decessit.
677 3349 884 3418 postmortem
906 3347 1063 3404 educatoris
1090 3368 1107 3404 a

145 3415 269 3469 naturali
286 3419 367 3486 patre
386 3420 530 3488 receptus,
554 3419 621 3488 quia
639 3437 694 3474 non
712 3419 775 3474 vult
798 3418 895 3474 orbam
920 3417 1037 3474 divitem
1057 3421 1108 3475 du-

147 3500 208 3538 cere
226 3502 340 3541 uxorem
360 3505 410 3544 om.
430 3494 475 3543 Aa
488 3491 498 3560 ΙΙ
512 3495 544 3543 21
565 3490 707 3546 *abdicat
724 3492 775 3542 An
