2392 3862
169 233 234 302 228
531 237 762 305 ournrrnmnr
839 246 841 253 ·

253 401 355 464 dilata
378 401 544 466 damnatio
570 405 629 465 est.
662 401 838 466 intervenit
860 402 898 484 is,
922 401 977 485 qui
1001 402 1127 468 occisus

252 488 427 555 dicebatur.
464 491 550 573 petit
573 511 648 554 reus
671 512 811 573 poenam
836 490 1044 556 accusatoris.

564 665 737 731 SERMO.

230 789 304 855 Non
333 791 395 856 erit
424 791 579 873 alienum,
609 789 801 854 advocatum
830 791 906 855 darc
935 791 1011 855 huic
1033 813 1129 857 accu-

130 897 145 945 5
166 880 274 944 satori.
307 879 385 945 fecit
408 902 478 946 rem
503 876 555 966 (ut
578 879 768 963 parcissime
787 877 906 964 dicam)
926 880 1129 963 paenitentia

164 969 305 1052 dignam.
356 971 389 1032 et
418 967 536 1032 fortius
566 966 754 1032 defendetur
783 968 824 1032 ab
853 968 917 1032 alio
947 971 980 1032 et
1006 969 1129 1034 maiore

163 1079 236 1122 cum
259 1056 451 1123 verecundia
473 1060 631 1141 patronus
656 1055 875 1141 confitebitur,
899 1058 927 1122 si
952 1057 1030 1140 quid
1054 1080 1129 1123 con-

164 1145 321 1211 fitendum
350 1149 407 1211 est.
454 1147 487 1210 et
516 1145 667 1229 quotiens
697 1166 792 1209 causa
819 1145 893 1229 plus
916 1145 996 1210 iuris
1019 1145 1129 1232 habet,

117 1242 119 1247 '
165 1257 262 1318 quam
290 1235 437 1319 pudoris,
465 1235 506 1299 ad
536 1255 609 1298 eum
636 1232 861 1299 transferenda
890 1237 951 1317 est,
979 1235 1035 1318 qui
1063 1257 1130 1301 non

113 1342 145 1389 10
165 1325 338 1389 erubescet.

485 1462 821 1530 DEOLAMATIO.

231 1587 336 1652 Reum
364 1588 477 1673 capitis
507 1588 670 1653 arcessitis
693 1589 728 1652 in
756 1609 794 1654 ea
822 1587 968 1673 civitate,
1001 1589 1038 1652 in
1067 1612 1131 1675 qua

164 1678 227 1743 hoo
251 1698 349 1761 gravo
373 1679 405 1741 et
427 1674 597 1762 indignum
616 1677 757 1742 videtur:
781 1680 814 1742 et
832 1698 923 1742 reum
942 1677 1061 1764 capitis
1081 1702 1129 1744 ar-

165 1765 306 1850 cessitis,
338 1765 395 1851 qui
426 1765 491 1852 ipsi
518 1766 760 1831 intolerabilem
791 1765 877 1831 hanc
905 1766 1131 1834 crudelitatem

114 1871 146 1921 15
165 1855 298 1921 vocatis.
344 1855 557 1920 conveniebat
580 1875 644 1938 eos,
672 1856 729 1939 qui
756 1855 975 1937 temeritatem
1001 1877 1131 1922 accusa-

164 1945 266 2011 tionis
285 1945 446 2028 incusant,
469 1942 553 2008 nihil
570 1945 635 2008 nisi
654 1947 776 2009 certum
796 1944 1065 2029 exploratumque
1080 1947 1131 2011 de-

165 2034 257 2100 ferre.
314 2030 391 2121 ergo
423 2034 496 2120 lege
530 2032 633 2098 occidi
660 2033 759 2099 vultis
788 2032 875 2097 hunc
904 2032 1031 2117 statim,
1068 2034 1132 2119 qui

166 2146 270 2188 reum
290 2123 419 2189 caedis
438 2122 626 2187 detulerit
649 2119 817 2208 (hactenus
838 2141 994 2207 agnosco:
1016 2122 1132 2189 detulit

167 2214 268 2296 enim,
304 2233 400 2296 quem
428 2210 580 2295 defendo)
617 2209 794 2295 <neque>
826 2209 1132 2295 damnav<er>it

114 2317 148 2367 20
169 2301 273 2384 [que]:
291 2300 354 2366 hoc
372 2301 439 2364 iam
459 2299 500 2362 ad
521 2320 581 2363 nos
599 2319 666 2363 non
684 2299 833 2384 pertinet.
864 2299 918 2364 hic
937 2300 1024 2365 enim
1042 2302 1132 2366 dum·

166 2393 264 2453 natus
296 2391 354 2454 est.
403 2387 551 2471 sequitur
574 2405 667 2471 ergo,
694 2391 731 2451 ut
754 2389 853 2454 aliam
876 2388 983 2473 legem
1008 2388 1132 2455 adfera-

168 2478 270 2558 [mu]s
295 2479 351 2542 aut
380 2477 469 2548 hanc,
487 2478 595 2542 mutes
620 2478 676 2539 aut
705 2477 767 2542 hoc
797 2477 915 2542 audeas
946 2476 1051 2543 dicere
1081 2480 1131 2544 ius

123 2611 129 2621 .
169 2565 299 2648 aliquod
322 2565 384 2630 tibi
408 2586 479 2630 esse
502 2563 726 2631 constituendi.

235 2653 286 2717 Ad
314 2654 617 2739 interpretationem
644 2675 703 2719 nos
726 2676 824 2720 vocas
848 2658 881 2720 et
904 2676 943 2719 ex
965 2655 1027 2720 hac
1050 2657 1133 2742 lege,

115 2759 149 2809 aa
169 2765 232 2828 qua
256 2742 377 2827 litigas,
401 2743 498 2807 aliam
518 2742 714 2808 constituere
734 2743 870 2809 conaris.
903 2743 981 2810 Non
1000 2748 1050 2810 est
1069 2746 1132 2810 ista

168 2854 220 2896 res
243 2831 396 2918 iudicum,
417 2854 484 2898 non
508 2832 635 2918 horum,
659 2834 714 2917 qui
738 2832 777 2897 ad
801 2835 890 2898 certa
907 2832 987 2917 iura,
1011 2837 1045 2898 ot
1065 2835 1132 2920 qui-

169 2921 241 2986 dem
268 2922 380 3006 iurati,
409 2922 631 2987 consederunt.
677 2921 804 2986 deflecti
830 2922 901 2986 iura
928 2944 969 2986 ne
996 2944 1056 3007 pro
1081 2923 1133 2989 de·

242 3103 255 3149 1
275 3096 371 3151 delata
389 3101 439 3149 AB
462 3098 472 3166 u
495 3095 650 3152 dominatio
669 3100 694 3149 A
711 3097 720 3166 {t
734 3095 843 3152 recisus
861 3100 886 3149 A
898 3098 937 3167 113
956 3095 1133 3153 Declamatio

168 3173 188 3219 Ρ
201 3168 210 3235 ΙΙ
225 3174 241 3220 4
260 3167 321 3221 dari
337 3171 358 3218 B
377 3169 387 3238 ΙΙ
405 3173 421 3222 5
440 3168 615 3238 penitentiae
633 3171 677 3239 ΒΙΙ
697 3174 765 3223 6-7
785 3168 920 3223 malorem
939 3183 1003 3222 cum
1021 3172 1046 3221 A
1068 3171 1077 3239 ΙΙ
1101 3174 1133 3223 10

169 3238 382 3305 erubescitur,
402 3255 472 3294 corr.
492 3239 537 3294 Ro
550 3242 560 3310 ΙΙ
575 3246 608 3295 15
626 3239 651 3294 is
669 3243 728 3308 AB,
747 3254 815 3294 corr.
834 3237 892 3295 Aer
905 3240 914 3309 l
930 3244 1034 3294 15-16
1053 3256 1134 3295 acon-

170 3312 232 3362 sant
249 3308 321 3363 nihil
340 3310 487 3364 misertum
506 3314 526 3363 B
540 3311 550 3378 [Ι
566 3317 598 3365 19
608 3309 623 3342 ³⁸
634 3310 752 3365 defendo
771 3309 1022 3380 dampnavitquem
1036 3315 1069 3381 A,
1088 3310 1133 3367 de·

169 3379 252 3434 fendo
271 3381 472 3452 damnavitquo
492 3382 584 3450 31120
603 3399 659 3437 non
677 3398 727 3438 om.
745 3386 767 3434 A
781 3384 791 3451 ΙΙ
805 3387 909 3437 20-21
924 3382 1072 3437 damnatus
1085 3387 1134 3451 Aa,

169 3447 346 3506 indemnatus
369 3457 447 3521 Abs,
478 3468 549 3508 corr.
574 3451 615 3507 Gr
637 3455 647 3523 l
669 3459 774 3509 21-22
798 3451 983 3525 adfera[mu]s
1004 3451 1047 3509 Gr
1067 3455 1078 3524 Ι
1101 3458 1134 3508 at

169 3519 354 3577 constitutum
368 3527 424 3592 ΑΒ,
445 3539 514 3578 corr.
527 3522 571 3579 Ro
585 3526 594 3592 l
608 3528 642 3580 26
660 3524 797 3579 iudicium
810 3529 858 3578 AB
872 3525 881 3593 ΙΙ
895 3529 930 3579 27
949 3525 1134 3582 consedere!

525 3802 562 3829 ’.ΙΙ-
