2392 3862
167 215 207 278 78
530 212 759 280 QUINTILIANI

164 378 267 443 iorem
285 382 412 461 partem
430 377 629 462 ignominiae
644 376 825 463 conficiunt,
843 375 876 442 id
895 377 1060 463 quodiam
1075 400 1130 443 me

165 466 344 550 premebat,
366 465 568 530 remiserant.

552 640 736 709 domn.

427 747 541 815 Fraus
566 748 657 828 legis
680 747 867 815 Voooniae·

129 853 218 920 th
246 871 373 920 menan
396 873 542 921 MULIERI
564 871 635 920 nlsl
657 872 828 920 mummio
851 872 994 919 enarum
1016 873 1130 922 Bono·

253 963 325 1010 ann
360 962 464 1010 Dana.
514 943 652 1020 Quidam
685 943 765 1008 duas
797 943 948 1008 mulieres
981 944 1127 1010 dimidiis

253 1033 401 1117 partibus
419 1032 561 1097 instituit
578 1031 720 1098 heredes.
746 1037 977 1098 testamentum
992 1035 1126 1119 cognati

255 1126 405 1206 arguunt.

479 1188 814 1274 brennariam.

112 1333 144 1383 10
232 1315 417 1401 Antequam
439 1316 490 1380 ius
514 1316 642 1382 excutio
662 1321 695 1380 et
712 1317 778 1381 vim
797 1315 888 1401 legis,
912 1337 995 1400 quae
1012 1338 1071 1398 per
1090 1339 1125 1382 se

166 1404 244 1470 satis
264 1404 437 1470 manifesta
457 1408 516 1488 est,
538 1405 675 1489 intueor,
696 1405 840 1488 primum
860 1403 942 1468 illud
961 1403 1046 1487 apud
1065 1427 1124 1471 vos

164 1493 282 1558 dixisse
302 1496 473 1558 contentus
493 1515 577 1559 sum:
602 1493 716 1559 adsum
733 1495 940 1558 testamento.
975 1496 1126 1558 eventum

163 1581 239 1646 huie
269 1582 336 1666 legi
369 1580 459 1646 dabit
490 1582 607 1666 religio
639 1587 761 1665 vestra,
800 1584 833 1646 et
865 1601 1001 1646 exoussa
1032 1586 1127 1666 parte

163 1673 301 1754 utraque
334 1670 530 1735 sententiam
558 1669 799 1752 formabit<is>.
844 1668 987 1735 Interest
1016 1675 1126 1735 tamen

112 1773 143 1822 15
164 1780 333 1841 supremae
355 1758 496 1822 hominis
519 1759 681 1823 voluntati
704 1759 809 1844 legem
832 1757 959 1843 favere,
981 1762 1019 1824 ut
1040 1760 1127 1844 quod

165 1847 203 1912 de
227 1847 321 1912 bonis
345 1847 411 1912 suis
435 1847 607 1912 constituit
628 1847 662 1912 in
683 1847 841 1931 supremis
861 1846 1021 1931 dominus,
1044 1848 1126 1913 feee-

163 1936 208 2000 rit
230 1937 308 2001 iure.
353 1933 421 2000 Neo
444 1957 496 2002 me
521 1935 704 2021 confundit,
728 1935 814 2020 quod
838 1957 877 1999 ex
900 1935 1027 2002 diverso
1051 1941 1126 2002 sunt

163 2025 348 2110 propinqui.
392 2026 528 2110 iactent,
555 2028 592 2090 ut
619 2025 745 2109 volent,
773 2024 941 2110 sanguinis
974 2025 1125 2091 coniunc-

163 2114 300 2180 tionem:
319 2135 380 2199 ego
395 2115 551 2201 intellego
570 2114 727 2200 quasdam
741 2114 842 2180 fuisse
856 2135 980 2199 causas,
993 2118 1126 2198 propter
1163 2134 1166 2138 ·

111 2218 145 2267 20
165 2225 245 2288 quas
268 2205 308 2288 is,
331 2203 469 2289 quibos
493 2209 651 2288 cognatos
673 2203 825 2283 habebat,
848 2203 923 2268 aliis
944 2208 1125 2271 moreretur

164 2291 345 2358 heredibus.
391 2314 429 2368 ao
456 2292 484 2356 si
511 2293 545 2356 in
571 2293 634 2357 hae
660 2297 754 2374 parte
783 2291 941 2356 baberent
963 2290 1125 2372 fiduciam,

164 2383 336 2462 arguerent
371 2383 605 2444 testamentum
641 2383 808 2463 tamquam
848 2379 1005 2462 impium,
1042 2382 1124 2441 tam-

165 2488 262 2550 quam
290 2466 519 2533 inofficiosum.
565 2487 651 2531 nune
679 2470 829 2551 apparet,
860 2485 963 2548 neque
992 2463 1031 2530 de
1054 2471 1124 2548 per-

165 2555 252 2619 sonis
285 2576 408 2639 earum,
445 2575 526 2639 quae
559 2553 693 2619 heredes
726 2558 802 2619 sunt
835 2554 1020 2636 institutae,
1060 2552 1125 2618 diei

111 2659 144 2706 25
165 2643 249 2726 apud
267 2664 325 2708 vos
343 2664 449 2729 posse,
472 2664 576 2728 neque
595 2664 715 2728 eorum,
739 2642 793 2729 qui
817 2641 881 2707 sibi
896 2644 1011 2706 eontra
1024 2645 1124 2707 testa-

164 2735 308 2797 mentum
332 2732 506 2818 vindicant,
527 2732 645 2817 merita
662 2731 810 2816 proferri.
834 2728 946 2796 Solum
965 2730 1053 2794 enim
1073 2730 1124 2795 ius

164 2821 329 2905 excipiunt
362 2826 394 2885 et
423 2822 509 2888 eirea
535 2821 640 2907 legem
667 2819 915 2886 calumniantur.
965 2840 1046 2903 quae
1073 2820 1124 2883 lex

162 2915 273 2974 tamen
291 2910 395 2994 qualis
420 2910 494 2975 est?
520 2931 566 2975 ne
589 2909 710 2976 liceat
731 2908 886 2974 mulieri
905 2908 992 2992 plus
1013 2930 1124 2994 quam

164 2998 361 3063 dimidiam
398 3003 547 3083 partem
587 2998 772 3065 bonorum
811 3018 968 3063 suorum
1004 2998 1123 3062 relin-

110 3104 144 3154 30
165 3109 286 3172 quere.
332 3087 463 3154 etiamsi
490 3087 596 3154 forma
625 3087 736 3152 iudicii
763 3087 858 3152 unius
892 3090 956 3170 est,
988 3089 1124 3171 apparet

93 3251 95 3255 ‚
237 3217 269 3264 14
293 3208 461 3265 sententiam
486 3209 620 3265 formavit
643 3214 678 3279 Δ,
711 3207 851 3263 sententia
866 3187 1072 3262 ⁹formidabitur
1094 3210 1123 3276 B,

166 3297 233 3336 corr.
253 3281 313 3351 Ro,
332 3280 472 3337 sententia
489 3279 658 3336 formabitur
675 3279 743 3335 Rau
763 3281 830 3403 iim
849 3279 954 3349 legeA
986 3280 996 3346 ΙΙ
1029 3277 1124 3333 fovere

162 3353 249 3420 nbrss
264 3359 295 3405 17
315 3353 376 3408 iure
394 3367 443 3407 om.
462 3353 555 3421 Bliao
573 3351 617 3406 bia
636 3350 744 3422 Aliqui
785 3365 815 3405 os
833 3352 922 3406 onaB
946 3349 1124 3419 “mereretur

162 3426 182 3473 B
198 3425 254 3490 {122
274 3427 434 3493 arguerunt,
453 3439 522 3478 corr.
543 3421 583 3477 Pi
595 3425 605 3493 ΙΙ
618 3427 654 3478 24
672 3421 720 3477 diu
738 3426 779 3475 Aa
801 3422 811 3491 ΙΙ
837 3421 893 3477 diei
912 3421 1031 3490 possunt
1049 3419 1124 3489 apud

163 3493 634 3566 vosiprenequeBfliSneol.B
