2392 3862
336 206 655 265 DEOLAMATIONES.
676 207 866 264 CCCLXXVI.
1003 207 1069 272 417

106 369 184 436 novi
207 391 313 434 mores
336 371 419 435 tuos.
445 369 578 435 novitiis
603 369 701 434 etiam
721 371 858 435 servulis
878 370 1068 457 ignoscitur.

107 458 165 523 aed
184 457 260 542 quid
279 457 401 523 obicis?
430 457 602 543 ,‚Uxorem,
623 458 740 544 inquit,
762 481 829 523 non
848 458 947 544 dunis,
971 481 1069 542 quam

107 544 213 612 volo.“
236 544 320 622 Quid
337 546 430 610 tum?
452 546 558 611 nescis
581 548 686 612 nostri
710 546 837 611 arbitrii
861 569 932 612 esso
954 546 1069 612 matri-

108 633 240 699 monia?
260 633 404 700 adfectus
417 635 522 699 nostri
535 635 628 700 uobis
642 657 708 699 non
723 635 881 700 serviunt:
895 658 962 700 non
976 638 1068 719 potos

107 721 235 787 effioero
249 722 395 807 imperio,
409 727 446 787 ut
458 723 513 788 vol
527 745 641 807 amem,
656 745 752 807 quem
765 724 855 806 velis,
869 724 921 788 vol
936 721 1068 789 oderim.
1089 740 1106 789 o

108 810 352 875 matrimonium
385 833 459 876 vero
487 815 557 876 tum
584 815 777 896 perpetuum
807 815 869 896 est,
900 812 928 876 oi
956 813 1070 876 mutua

108 899 275 964 voluntate
298 899 453 983 iungitur.
489 922 561 965 oum
581 919 659 984 ergo
679 904 852 984 quaeratur
874 899 955 964 mihi
978 921 1069 984 uxor,

109 988 198 1053 socia
220 988 297 1070 tori,
328 989 415 1053 vitae
443 1009 588 1071 consors,
611 990 645 1053 in
673 1010 769 1053 omno
796 989 960 1053 saeculum
987 987 1069 1051 mihi

108 1076 258 1160 eligenda
272 1080 330 1142 est
353 1076 477 1160 alioqui
495 1075 574 1161 quid
592 1075 723 1160 profiois
742 1077 882 1142 invitum
897 1075 1068 1161 cogendo?

108 1164 929 1336 additura*,dtr,ingratitudinis
949 1163 1070 1316 tttt
1091 1180 1125 1229 ²⁰

110 1340 313 1426 respondere.
346 1342 373 1406 si
397 1345 516 1425 potest,
538 1342 611 1427 lege
633 1341 693 1406 illa
711 1346 817 1426 nogat.
851 1341 983 1407 interim
1001 1338 1070 1404 noli

110 1429 192 1493 mihi
219 1430 360 1513 patriam
390 1431 596 1494 maiestatem
620 1451 793 1514 opponere.
839 1429 895 1494 sed
917 1429 1071 1494 nimirum

109 1539 176 1583 non
198 1522 308 1603 potest
331 1538 461 1603 rogero,
485 1522 519 1583 ot
539 1517 613 1583 ideo
635 1540 701 1584 non
725 1517 828 1604 cogit:
861 1517 982 1601 alioqui
1005 1516 1073 1582 for-

110 1605 198 1670 sitan
219 1607 271 1670 illi
293 1607 535 1691 responderem,
559 1608 652 1688 [non]
675 1607 796 1672 habere
820 1606 917 1672 orbas
940 1605 1127 1690 privile-15

110 1694 213 1778 giam:
250 1695 307 1759 sed
334 1695 444 1761 raonis
468 1695 610 1761 indicere
633 1696 778 1779 nuptias,
806 1717 873 1760 non
896 1692 1072 1777 occupatis,

108 1781 211 1866 „Quid
236 1803 322 1868 ergo,
345 1784 460 1868 inquit,
482 1784 596 1849 orbam
618 1805 685 1848 non
708 1783 840 1848 duois?“

177 1869 319 1955 Gaudeo,
342 1877 444 1954 pater,
468 1871 554 1954 quod
571 1871 718 1934 misereri
736 1871 887 1934 fortunae
905 1871 1015 1952 potes:
1039 1870 1072 1930 et

109 1959 189 2024 haeo
218 1960 299 2024 orba
326 1963 390 2043 est,
422 1963 456 2023 et
483 1959 562 2024 haec
589 1962 717 2042 patrem
745 1957 895 2042 perdidit.
941 1956 1073 2020 fortuna

110 2047 240 2125 similia,
276 2046 483 2131 indulgentia
509 2047 643 2130 propior
672 2050 732 2111 est.
776 2045 811 2110 in
839 2045 951 2109 eadem
975 2044 1072 2109 domo
1092 2059 1128 2109 20

111 2134 238 2199 edueati
271 2156 397 2199 sumus:
433 2134 511 2199 novi
544 2155 664 2217 morer,
696 2133 799 2218 probo
836 2131 1073 2215 verecundiam,

110 2223 213 2307 probo
238 2243 348 2308 genus.
395 2222 494 2306 quid?
529 2223 556 2287 si
580 2222 660 2286 mihi
685 2245 705 2286 a
727 2224 819 2305 patre
844 2218 1074 2286 commendata

111 2311 182 2376 est?
206 2311 304 2395 quid?
328 2311 355 2376 si
373 2313 511 2395 rogatus
531 2310 626 2375 sum?
650 2309 749 2394 quid?
774 2311 802 2375 si
822 2308 922 2375 etiam
947 2305 1073 2372 iuravi?

110 2400 159 2464 vis
181 2422 234 2464 me
257 2399 354 2464 fidem
377 2421 442 2465 non
461 2397 650 2484 praestare?
673 2398 798 2462 otoni?
823 2399 879 2482 qui
898 2418 950 2461 me
970 2399 1075 2461 sustu·

111 2488 165 2571 lit,
198 2488 254 2571 qui
285 2492 413 2572 patrem
446 2488 527 2574 egit,
560 2487 616 2574 qui
645 2490 678 2552 te
708 2487 790 2553 mihi
819 2490 947 2571 patrem
976 2483 1074 2566 dedit,
1091 2497 1128 2549 ao

111 2577 168 2659 qui
189 2598 239 2641 me
260 2577 294 2641 id
318 2577 412 2642 modo
434 2577 574 2662 rogarit.
596 2598 663 2641 non
686 2579 737 2641 est
760 2575 846 2659 quod
870 2575 970 2658 dieas,
993 2592 1073 2658 »ego

111 2684 227 2750 cogor:
266 2686 367 2750 aeque
403 2669 514 2730 tamon
550 2665 669 2751 peiero.
726 2667 759 2728 et
795 2665 905 2749 quales
943 2661 1072 2727 futurae

110 2752 254 2836 nuptiae,
278 2774 360 2837 quae
383 2753 525 2836 periurio
548 2752 749 2836 iunguntur?

183 2931 198 2980 1
218 2924 615 2995 novioisA113fort.⁶quid
637 2926 671 2979 tu
689 2925 787 2991 neseis,
806 2924 895 2979 nostri
913 2928 961 2979 eto.
977 2924 1018 2990 μ
1038 2926 1069 2973 Ν

111 3013 252 3084 Annobis
272 3017 336 3081 AB,
363 3030 433 3070 corr.
452 3014 510 3069 Aer
527 3016 537 3083 11
556 3017 571 3066 ὅ
590 2998 668 3067 amit
686 3017 709 3065 Δ
727 3015 737 3084 ΙΙ
755 3029 840 3082 quam
860 3010 955 3081 Grss'l
976 3019 1007 3066 Ν
1029 3008 1074 3078 ΔΗ

110 3103 198 3174 igitur
216 3103 310 3172 nent
329 3087 400 3157 affin
417 3105 440 3154 Δ
460 3103 469 3171 11
493 3101 721 3171 9oogendumB
745 3103 755 3171 ΙΙ
778 3107 811 3155 13
830 3097 962 3169 patria
980 3098 1026 3166 Al}
1041 3101 1074 3149 15

112 3173 193 3245 [non]
213 3174 277 3243 (τ’τΙΙ
293 3179 325 3226 16
345 3173 474 3228 induooro
493 3175 550 3239 AB,
568 3187 638 3227 corr.
653 3174 720 3239 Aer,
737 3171 825 3225 indici
843 3168 920 3239 Sedu
937 3173 972 3223 25
993 3165 1075 3237 ogit

111 3246 206 3313 Δ1126
225 3243 459 3313 quemadmodum
473 3246 531 3312 ΑΒ,
546 3258 614 3297 corr.
624 3241 668 3299 Ro
681 3243 691 3312 [Ι
706 3248 740 3297 27
758 3257 829 3310 oogo
848 3255 884 3310 eg
902 3255 992 3308 aequo
1010 3239 1073 3311 ΒιΙΙ

110 3314 221 3385 periero
239 3318 307 3368 nan
320 3315 331 3383 ΙΙ
344 3320 378 3369 28
397 3331 447 3384 per
466 3312 526 3368 viro
544 3316 565 3365 B
1067 3316 1069 3324 ⁴

166 3572 306 3622 Qutntssiani
320 3571 384 3625 deal,
398 3572 434 3614 od.
449 3572 532 3616 nitrea
