2392 3862
176 211 240 275 382
542 211 771 278 QUINTILIANI

486 390 824 458 DECLAMATIO.

242 518 462 603 Tyrannidem
488 542 577 602 parc.
623 519 712 582 vides
743 519 845 583 enim·
873 540 946 583 curn
971 518 1153 587 sceleratis

176 608 258 672 mihi
277 608 429 673 convenit
415 607 449 673 t?
473 628 618 672 revocarr
610 606 741 671 exules
757 607 917 672 volo?—
926 629 1024 672 :non
1041 610 1150 675 etiam

177 701 256 761 lecta
284 697 417 762 illorum
439 696 577 762 consilia
599 695 825 778 deprehendo?
855 717 896 760 an
920 714 996 779 ego,
1025 697 1058 760 si
1083 697 1151 763 hoc

141 786 383 869 scogitassem,
420 790 490 849 tam
527 788 638 866 aperte
675 785 783 849 omnia
820 784 960 867 egissem
998 787 1032 849 et
1073 786 1149 870 ipso

176 875 383 956 potissimum
416 873 457 937 ad
489 873 615 938 exulem
644 872 796 937 ivissem?
836 894 896 954 pro
898 871 987 937 tinus
1019 895 1078 938 me
1110 897 1150 940 ac

174 963 380 1047 propositum
412 984 520 1026 meum
551 962 681 1026 nocenti
714 958 935 1044 aperuissem?
977 983 1047 1026 non
1083 962 1149 1030 hoc

175 1053 281 1135 ipsum
315 1052 429 1115 timere
462 1049 580 1114 debui?
628 1050 815 1114 adiecissem
853 1048 927 1113 hnic
960 1051 1150 1133 suspicioni

177 1139 372 1204 sententiam
396 1160 510 1220 meam,
533 1143 571 1203 ut
594 1139 719 1202 viderer
737 1139 853 1202 timere
872 1137 1036 1202 indicem?
1061 1139 1150 1205 nihil
1178 1164 1183 1171 ·

126 1242 158 1292 10
177 1227 273 1292 debui
298 1228 414 1312 minus,
438 1251 534 1312 quam
558 1227 591 1291 in
616 1231 704 1291 metu
726 1227 832 1310 ipsum
851 1228 974 1292 metum
992 1228 1148 1310 prodere.

574 1418 739 1487 udum.

257 1543 352 1610 Reus
375 1543 592 1626 tyrannidis,
617 1543 680 1624 qui
703 1541 920 1608 deliberavit
942 1542 1065 1610 victor

502 1649 602 1697 arma
625 1630 809 1714 deponere.

177 1757 230 1822 Ex
259 1773 460 1822 suse1cror1c
489 1772 701 1822 crniurrnrs
733 1772 786 1821 s1r
810 1771 927 1820 acero.
974 1753 1149 1831 Quaedam

52 1880 59 1893 ·
125 1860 157 1910 15
266 1846 394 1929 civitas,
432 1867 514 1931 quae
551 1845 638 1910 bello
675 1844 865 1926 laborabat,
901 1865 975 1908 cum
1013 1844 1149 1914 duobus

264 1935 396 2020 proeliis
415 1935 501 2000 victa
520 1937 613 2017 esset,
634 1933 820 1997 adulescens
840 1931 1149 2016 dives<et>nobilis

265 2047 339 2089 cum
360 2045 524 2089 serrorum
549 2027 582 2088 et
605 2021 770 2087 clientium
794 2043 892 2086 manu
916 2024 1045 2096 armata
1069 2047 1147 2108 pro·

266 2113 363 2178 cessit
394 2112 429 2176 in
459 2113 629 2197 proelium.
675 2109 803 2195 fugavit
831 2109 953 2175 hostes.
998 2114 1147 2196 populus

266 2202 412 2266 redeunti
434 2204 545 2286 portas
570 2200 672 2265 clusit.
706 2220 779 2263 cum
799 2203 985 2282 aperturum
1004 2202 1148 2283 promit·

266 2293 364 2373 teret,
397 2289 425 2354 si
453 2311 544 2354 arma
570 2288 749 2373 posuisset,
776 2287 945 2371 respondit
972 2287 1079 2372 dives,
1112 2313 1149 2357 se

267 2377 529 2442 deliberaturum.
584 2377 690 2441 triduo
724 2375 924 2441 deliberavit.
976 2375 1122 2442 rediit
1110 2402 1149 2444 ιιι

266 2465 432 2530 civitatem
460 2465 577 2548 positis
606 2465 715 2529 armis
766 2486 840 2530 reus
870 2469 920 2530 est
946 2466 1148 2548 tyrannidis

570 2639 743 2706 SERMO.

243 2765 387 2830 Divitem
422 2765 508 2830 hunc
540 2765 682 2830 dicemus
713 2769 829 2830 natum
861 2765 1002 2831 honesta
1034 2765 1148 2853 domo,

125 2868 157 2918 25
176 2857 269 2939 patre
302 2854 450 2936 militari,
481 2855 560 2919 forti
590 2855 675 2919 viro:
709 2877 728 2917 a
761 2853 876 2938 primis
905 2854 1018 2918 statim
1047 2856 1148 2921 annis

177 2944 362 3008 adsuerisse
390 2928 498 3008 studio
528 2965 706 3028 armorum,
738 2962 893 3027 magnum
917 2963 975 3025 per
999 2963 1034 3007 se
1058 2944 1148 3011 mili·
1161 3006 1169 3015 .

175 3033 243 3098 tiae
276 3054 370 3097 usum
404 3032 584 3118 collegisse.
631 3054 703 3097 cum
731 3033 840 3095 autern
874 3029 984 3096 subito
1014 3029 1145 3099 bellum

176 3122 357 3205 incidisset,
389 3122 511 3186 factum
545 3122 644 3186 alium
676 3120 789 3185 ducem
822 3139 889 3186 non
918 3118 1057 3199 iudicio,
1086 3118 1148 3187 sed

247 3277 373 3347 avidos]
392 3277 499 3334 iudices
518 3280 592 3347 Pnd
610 3277 687 3332 facta
704 3280 735 3343 Δ,
754 3276 865 3344 fistal,
884 3291 954 3332 corr
968 3274 1015 3331 Ro

176 3349 273 3403 nissam
294 3353 355 3416 ιι
381 3366 451 3405 corr
471 3347 827 3490 erprmeaerpmro
849 3319 1053 3419 ipram¹

177 3418 506 3502 deponere<t>8cbl16
537 3416 714 3491 et>Roll1⁷
734 3421 915 3474 armataom.
929 3418 976 3487 ΙΙ
1017 3478 1020 3485 ,

176 3505 225 3543 om
245 3491 339 3557 Altus
358 3490 462 3545 indicio
481 3493 558 3541 B-P
