2392 3862
320 227 638 285 DECLAMATIONES.
658 226 805 283 CCCLXV.
974 225 1038 290 397

464 439 657 509 CCCLXV.

340 585 392 651 De
415 586 451 654 vi
474 585 610 668 septem
632 582 783 652 iudices.

83 734 136 799 Ds
159 752 197 798 v1
221 748 357 798 suerum
379 746 556 795 morosus.
594 743 690 806 Quor>
714 743 825 793 MAIOR
849 743 934 792 esus
952 745 1041 792 ronr-

173 839 246 886 oon
275 836 480 903 sessorum,
506 835 595 883 auos
624 833 807 882 sermons.
849 814 923 880 Duo
951 815 1041 901 igno-

173 910 308 975 miniam
332 909 524 990 statuerunt,
550 906 613 970 duo
638 905 780 987 exilium,
803 908 871 970 tres
895 907 1077 969 mortemo

173 999 294 1082 petitur
317 996 358 1062 ad
380 999 527 1062 mortem.

391 1188 732 1258 DECLAMATIO.

151 1336 281 1412 »Quod
304 1333 429 1399 maior
445 1353 550 1416 pars,
572 1333 688 1417 inquit,
710 1332 878 1397 iudicum
898 1335 1044 1397 statue·

90 1427 172 1489 rit«
217 1423 288 1508 Ego
313 1421 462 1486 existimo
487 1420 643 1486 maiorem
666 1424 793 1504 partem
817 1441 901 1504 esse,
924 1420 1045 1505 inqua
1121 1475 1126 1483 .

85 1513 195 1597 plures
219 1512 305 1575 idem
329 1509 640 1594 sentiunt-eandem
663 1531 802 1592 poenam
821 1509 1045 1594 pronuntiant,
1065 1521 1099 1571 10

86 1602 120 1666 in
153 1600 263 1665 cadem
296 1599 395 1665 verba
423 1599 540 1663 iurant.
592 1600 624 1664 et
651 1598 713 1663 hoc
744 1620 857 1664 verum
887 1619 971 1683 esse,
1003 1599 1045 1664 ab

87 1690 168 1774 ipsis
196 1689 304 1753 verbis
332 1687 416 1771 legis
444 1686 542 1772 disce,
574 1708 710 1771 »quam
744 1708 936 1772 poenamc
980 1709 1046 1753 non

87 1781 125 1844 de
148 1779 295 1863 pluribus
320 1776 498 1861 suppliciis,
522 1775 578 1841 sed
596 1776 635 1838 de
654 1798 719 1840 uno
738 1775 889 1861 loquitur.
926 1775 1046 1840 etenim

86 1890 183 1932 nemo
220 1869 329 1952 potest
365 1864 461 1949 plura
498 1864 658 1948 supplicia
692 1886 773 1928 unus
803 1885 921 1928 nocens
954 1863 1046 1927 ferre.

89 1959 232 2020 scrutare
252 1959 285 2018 et
304 1953 369 2017 alia
388 1953 495 2017 verba.
527 1952 770 2034 »statuerit«,
793 1951 906 2035 inquit.
939 1972 1046 2015 nonne
1066 1963 1099 2013 15

89 2043 151 2107 tibi
184 2041 414 2106 consentientis
442 2062 500 2123 per
527 2041 637 2104 omnia
664 2042 767 2123 partis
799 2039 888 2104 illius
921 2040 1048 2104 videtur

91 2152 189 2196 unam
213 2150 325 2195 vocem
347 2127 534 2193 includere?
563 2148 683 2212 >quam
707 2149 845 2211 poenam
869 2128 1048 2210 statuerit«,

91 2220 124 2283 id
154 2222 216 2296 est,
244 2216 330 2301 quod
358 2237 459 2302 genus
487 2215 640 2301 supplicii
669 2216 797 2300 placere
821 2215 884 2281 sibi
906 2237 1048 2300 pronun·

91 2307 232 2390 tiaverit,
256 2327 319 2389 qua
341 2326 446 2390 poena
468 2307 638 2370 nocentem
662 2304 758 2370 adfici
779 2305 928 2370 voluerit.

157 2393 236 2479 „Sed
270 2396 437 2479 quattuor,
469 2393 588 2478 inquit,
627 2393 748 2458 iudices
785 2415 836 2458 me
872 2392 1049 2458 noluerunt
1066 2405 1102 2456 20

90 2483 201 2548 mori.“
231 2482 280 2547 Tu
304 2504 389 2548 nunc
412 2482 547 2563 indicas,
569 2504 666 2566 quam
689 2503 829 2566 poenam
850 2483 1049 2565 transierint,

90 2596 156 2638 non
189 2594 286 2656 quam
319 2572 508 2636 statuerint:
540 2571 592 2635 lex
625 2574 733 2635 autem
766 2576 888 2636 certam
917 2571 1049 2636 illorum

92 2660 290 2727 sententiam
314 2660 423 2745 exigit.
456 2659 533 2744 quid
552 2660 637 2724 enirn
664 2660 753 2725 aliud
772 2659 903 2745 diceres,
926 2660 954 2724 si
971 2681 1050 2725 non·

93 2751 169 2814 dum
197 2748 487 2833 pronuntiassent?
525 2748 552 2812 si
579 2751 755 2834 negassent
777 2748 901 2833 liquere
924 2748 988 2812 sibi
1011 2750 1049 2812 de

94 2838 252 2921 supplicio
280 2836 359 2902 tuo?
398 2836 555 2921 numquid
583 2837 760 2901 sententias
784 2836 914 2902 illorum
938 2858 1049 2901 nume·
1069 2848 1103 2898 25

93 2926 205 2991 raros?
243 2926 384 2990 minime.
429 2924 546 2991 horum
570 2926 655 2989 eninr
679 2927 775 2990 trium
798 2925 864 2989 iam
886 2926 986 2989 verba
1009 2925 1050 2989 si·

94 3016 205 3100 gnavi:
236 3014 368 3078 illorum
401 3016 556 3098 quattuor
588 3034 669 3097 quae
702 3013 862 3098 signabo?
903 3013 1051 3077 dubitare

161 3230 177 3279 2
196 3223 263 3278 Divi
280 3225 325 3293 ³?
345 3228 362 3277 3
381 3221 448 3277 Divi
464 3226 485 3274 B
499 3223 594 3293 13-4
611 3220 746 3277 iudicium
764 3227 788 3275 A
800 3225 810 3291 ΙΙ
824 3229 840 3279 8
859 3221 946 3292 quod]
966 3239 1051 3290 quam

91 3311 213 3366 poenam
231 3293 277 3350 Bo
293 3310 344 3351 ser.
363 3292 431 3360 Solu
448 3294 495 3348 sed
512 3294 548 3361 cf.
565 3309 590 3349 o.
605 3297 623 3348 3
641 3299 666 3348 et
683 3297 780 3360 399,7
798 3296 808 3364 fl
823 3298 856 3348 14
873 3293 969 3363 plures
987 3293 1052 3364 ΔΒΗ
1166 3290 1169 3295 “

94 3371 128 3423 lo
147 3365 286 3422 mansis
303 3368 333 3433 B,
358 3361 480 3420 censetis
498 3364 548 3435 ΙΙ
569 3363 665 3420 vidore
682 3366 727 3436 ³?
745 3370 779 3420 19
797 3381 916 3433 poenam
934 3368 958 3418 Δ
979 3365 989 3433 fl
1011 3363 1052 3418 in-

91 3438 241 3493 nocentem
257 3438 280 3491 2
301 3436 312 3506 Ι
333 3433 447 3493 efflei!
468 3436 479 3507 Ι
500 3439 537 3491 80
553 3434 704 3493 voluerunt
720 3437 764 3505 η
781 3441 814 3490 21
834 3433 942 3490 iudicas
959 3435 1052 3505 31126

92 3512 164 3563 -ee
180 3520 354 3565 numm
369 3504 416 3577 ιι
432 3510 469 3563 se
485 3504 689 3579 pommus,
711 3521 782 3563 m.
799 3507 857 3563 Aa
