2392 3862
103 193 167 257 328
468 189 694 257 QUINTILIANI

102 356 183 422 haee
220 355 330 421 omnia
366 353 464 419 simul
497 354 592 418 amisi
625 357 658 419 et
689 354 799 419 omnia
828 354 909 419 haec
944 353 1074 420 iniuria

103 444 206 509 amisi.
234 443 393 508 exercitus
415 463 466 506 me
485 443 692 527 expugnavit,
712 443 796 508 sicut
814 444 928 507 urbem
945 442 1072 510 hostis:

102 537 134 597 et
156 532 238 596 haec
259 535 331 615 ipsa
354 553 451 597 causa
470 531 551 596 satis
570 533 657 595 iusta
676 535 746 596 erat
764 531 943 597 voluntatis
964 553 1074 599 meae.

103 620 173 686 odit
196 643 246 685 me
271 621 440 701 exercitus,
462 643 538 704 pars
561 620 675 704 populi
700 620 890 702 fortissima,
912 641 990 704 pars
1009 643 1072 705 po·

67 725 83 773 o
103 710 172 793 puli
202 710 323 793 optime
350 711 390 775 de
413 707 602 793 republica
625 708 754 791 merita:
783 708 833 773 illi
855 708 978 774 milites
1002 710 1072 776 vic·

103 803 205 881 tores,
232 799 283 864 illi
310 799 455 864 hostium
482 798 588 882 spolio
618 797 794 862 referentes
817 818 883 862 non
905 818 957 862 me
982 798 1071 864 occi·

101 887 231 970 derunt,
255 887 311 952 sed
334 887 455 951 liberos
479 907 582 951 meos:
611 890 689 968 puto
717 885 792 950 illos
819 885 871 951 his
900 886 1071 952 aetatibus

101 975 244 1042 hostium
267 975 520 1059 pepercisse-
543 975 713 1058 coniugem
737 996 856 1039 meam:
887 975 945 1039 illa
967 974 1071 1042 modo

101 1065 188 1130 victa
211 1065 325 1129 civitas
349 1063 442 1146 nihil,
466 1063 552 1148 quod
575 1064 616 1127 ad
634 1063 772 1127 feminas
792 1063 944 1147 pertinet,
966 1086 1072 1148 passa

49 1167 82 1218 10
101 1157 152 1219 est
179 1156 309 1237 praeter
336 1153 571 1237 captivitatem.
617 1151 748 1216 domum
781 1173 889 1216 meum
921 1152 1071 1218 incende-

100 1245 191 1307 rcuct:
222 1246 312 1306 stant
333 1241 425 1325 illue,
449 1263 529 1325 quas
552 1241 698 1306 vicimus.
743 1239 824 1305 illud
845 1244 955 1305 tumen
978 1242 1071 1308 inter

100 1332 210 1395 omnia
233 1329 463 1414 gravissimum
486 1333 549 1395 est:
578 1351 651 1394 cum
679 1329 759 1394 haec
781 1328 926 1412 fecerint,
954 1329 1069 1395 existi-

99 1423 191 1484 mant
215 1441 249 1482 se
272 1420 340 1483 iure
364 1418 488 1483 fecisse.

168 1505 315 1592 „Omnia,
337 1508 453 1590 inquit,
475 1505 555 1570 haec
578 1509 612 1570 et
634 1526 696 1590 ego
718 1527 834 1590 pessus
858 1505 957 1571 sum.“
987 1505 1068 1590 scio,

48 1609 80 1659 15
100 1615 163 1678 quo
186 1594 360 1679 pertineat:
383 1598 422 1659 ut
439 1595 551 1659 videar
573 1615 633 1679 ego
656 1595 773 1660 merito
797 1616 924 1678 pascus.
956 1598 1008 1660 est
1032 1600 1069 1662 et

99 1683 180 1747 haec
203 1704 301 1747 causa
324 1682 496 1764 moriendi,
520 1683 548 1747 si
571 1686 701 1748 tantum
723 1683 868 1767 peccavi,
896 1683 925 1748 si
948 1705 987 1748 eo
1012 1707 1068 1750 me

99 1771 229 1836 deduxit
252 1794 355 1856 error,
383 1775 420 1837 ut
447 1772 533 1837 filios
562 1793 652 1837 meos
675 1773 863 1837 occiderem.
910 1774 1068 1838 confiten-

99 1861 175 1925 dum
209 1865 259 1926 est
296 1861 334 1926 de
371 1861 433 1926 hac
471 1861 667 1947 gravissime
699 1861 898 1925 calamitate:
931 1861 1068 1928 domum

98 1971 203 2014 meam
212 1950 355 2016 incendit
365 1950 533 2033 exercitus,
543 1950 683 2034 populus
691 1972 757 2014 non
766 1949 919 2014 defendit.
933 1950 1067 2035 „omnis

46 2053 80 2104 20
99 2046 210 2103 temen
232 2041 344 2105 eadem
368 2042 401 2104 et
424 2060 484 2123 ego
507 2061 639 2193 possust
647 2036 747 2103 sum.“
793 2038 932 2103 Possum
955 2038 1068 2106 dicere

98 2126 192 2193 hoct
177 2132 320 2194 tentum:
343 2129 427 2193 ferre
443 2129 562 2208 fortius
580 2130 683 2212 potes,
702 2126 851 2210 gratulor
869 2126 977 2191 animo
995 2133 1067 2194 tuo,

99 2216 154 2280 sed
185 2240 226 2283 ne
253 2218 373 2281 mirum
402 2217 532 2301 quidem
560 2220 624 2298 est,
655 2216 740 2300 quod
770 2221 807 2281 tu
834 2215 917 2280 ferre
943 2215 1066 2297 fortius

97 2308 198 2388 potes.
243 2306 387 2390 locuples
421 2327 464 2370 es.
510 2304 586 2389 quid
613 2305 744 2388 horum,
773 2326 854 2389 quae
882 2304 1065 2390 perdidisti,

97 2413 293 2476 magnopere
321 2393 506 2458 desideras?
538 2393 678 2476 domum,
706 2393 828 2476 opinor,
860 2390 951 2476 (hinc
974 2394 1065 2460 enim

44 2480 266 2565 reincipiam)
298 2480 480 2582 perdidisti:
442 2480 625 2546 tinfelix
657 2502 724 2546 non
755 2480 891 2547 habebis
923 2485 1065 2566 tectum,

97 2569 182 2652 quod
202 2568 375 2634 subeas?
365 2591 400 2633 ru
413 2568 544 2652 publico
562 2570 625 2634 tibi
645 2570 910 2635 mouendumt
860 2574 910 2635 est
915 2620 924 2653 ,
947 2574 980 2635 et
1000 2533 1065 2637 suli

97 2656 209 2721 caelo?
228 2658 367 2723 fortasse
385 2657 484 2722 etiam
503 2658 701 2724 contulerint
717 2659 782 2723 istu
798 2659 995 2724 detrimenta
1010 2659 1065 2726 de·

95 2744 178 2810 liciis
193 2746 273 2811 tuis:
291 2746 441 2811 novimus
457 2747 583 2813 animos
598 2751 735 2830 vestros,
754 2748 902 2814 novimus
918 2747 1064 2814 fastidio.

97 2834 125 2898 si
143 2856 210 2899 non
230 2838 316 2901 esset
330 2836 463 2901 incenso
481 2838 604 2921 domne,
624 2835 759 2901 subinde
773 2837 909 2919 diruere,
925 2836 1065 2902 subinde

43 2939 78 2988 30
98 2927 224 2988 mutare
257 2947 315 2990 vos
348 2925 439 2990 iuuat
466 2929 499 2989 et
526 2925 650 3009 aliquid
677 2925 802 2991 scilicet
832 2925 1066 3009 experimentis

167 3123 182 3170 2
201 3118 297 3172 hostes
317 3121 337 3168 B
357 3118 367 3186 ΙΙ
387 3123 403 3171 3
422 3115 494 3171 hoec
512 3131 563 3170 om.
581 3117 655 3185 3117
673 3119 744 3185 puto
761 3117 993 3185 ΔΒ-ΡΙΙῖ-8
1012 3118 1064 3175 lib.

95 3204 173 3242 meos
193 3188 362 3258 <coniugem
381 3185 452 3258 m>:
471 3189 541 3256 puto
561 3192 651 3243 elc-
621 3188 827 3257 -pepercisse
848 3188 921 3259 [con.
940 3187 990 3270 m]
1011 3188 1065 3245 illo.

94 3259 177 3313 modo
196 3265 244 3313 etc.
264 3261 323 3314 edd.
339 3259 374 3312 ab
388 3259 604 3327 Acrodiauollll
623 3259 698 3326 quod
717 3259 864 3314 afferamus
883 3258 1008 3328 pertinet
1026 3263 1048 3313 B

96 3333 129 3383 10
149 3328 302 3384 *incendit
319 3330 394 3399 ΔΒΙΙ
409 3334 440 3382 11
460 3328 527 3382 illae
545 3344 595 3384 om.
615 3331 659 3398 Bu
676 3336 707 3384 19
720 3330 905 3412 0111111121
924 3331 1017 3384 teme
1026 3336 1048 3383 1³

95 3403 127 3451 21
146 3398 243 3468 potius
261 3404 326 3464 AB,
346 3416 415 3456 corr.
433 3399 482 3454 Bu
504 3401 514 3470 l
536 3404 570 3454 22
590 3399 685 3454 scd
657 3399 790 3455 nimirum
809 3406 833 3454 Δ
855 3403 864 3471 ΙΙ
887 3401 982 3470 potius
1000 3406 1064 3474 AB,

82 3484 153 3525 corr.
173 3471 252 3544 Buff
263 3477 299 3529 29
321 3481 354 3532 Ν
376 3476 399 3528 Δ
