2392 3862
163 213 231 278 434
530 211 761 278 QUINTILIANI

164 375 266 457 domi,
288 374 492 459 propinquis,
516 373 718 458 domesticis,
745 373 885 464 libertis,
913 373 1005 438 aviae
1030 374 1129 459 (faci-

164 486 226 528 nus
254 461 453 549 indignuml)
482 463 580 528 matri
607 464 738 526 tantum
760 454 899 548 probare
921 483 988 526 non
1010 484 1127 548 possu-

164 573 251 615 mus:
274 571 377 652 usque
400 573 438 616 eo
463 573 497 616 se
520 550 625 615 libent
610 554 660 615 ter
683 548 786 616 credit
805 550 964 634 orbatam,
986 554 1024 615 ut
1047 573 1127 617 suos

164 661 231 704 non
252 639 318 703 nisi
340 643 487 705 mortuos
512 641 677 723 agnoscat
709 637 841 722 quod
814 660 843 703 s1
862 639 985 703 antea
974 644 1069 722 rgnot
1070 662 1129 706 um

130 727 238 811 afuit,
260 731 418 811 quantum
440 727 596 810 pecuniae
620 726 779 811 cupiditas
802 727 916 810 possit,
938 726 1056 792 victrix
1079 731 1128 792 et-

165 816 231 880 iam
260 816 298 880 de
325 820 444 881 natura
470 815 661 900 triumphat.
706 815 837 898 mulier,
864 814 960 881 modo
989 817 1129 882 cadaver

164 908 333 988 tamquam
364 904 471 968 filium
500 904 683 988 complexa,
714 924 801 968 nunc
828 903 933 967 filium
955 906 1128 988 tamquam

165 992 300 1057 cadaver
323 992 422 1077 fugit!
444 1009 450 1018 ·
469 1013 552 1076 quae
579 992 676 1056 funus
700 1013 795 1056 suum
817 995 946 1057 tantum
971 992 1035 1057 sibi
1058 1014 1127 1058 cre-

164 1080 260 1163 didit,
292 1080 545 1165 gratulationem
578 1079 702 1145 nemini
735 1078 911 1162 cred[id]it!
963 1079 1128 1147 infelicem

112 1190 145 1240 10
164 1191 301 1254 puerum
329 1170 400 1234 sola
422 1189 488 1234 non
511 1168 660 1254 agnoscit
683 1189 721 1232 ox
744 1169 947 1253 propinquis.
994 1190 1129 1236 causam

164 1256 342 1342 quaeritis?
364 1280 427 1303 -·
450 1258 527 1341 quia
548 1258 638 1322 vivit

232 1344 426 1447 [Narratio]
472 1344 657 1411 Habuimus
690 1345 929 1411 adulescentem
966 1347 1128 1431 optimum

164 1435 395 1535 propinquum,
430 1433 640 1498 mitissimum
675 1437 865 1519 patronum,
901 1434 1129 1500 fidelissimum

165 1523 318 1585 amicum:
350 1521 505 1585 maritum
532 1543 609 1587 vero
636 1521 775 1585 nimium
803 1543 930 1607 quoque
959 1523 1128 1608 uxorium3

110 1628 146 1678 15
166 1608 288 1693 quod'
279 1609 474 1693 ignovimus:
507 1608 610 1673 filium
634 1611 821 1676 sustulerat
866 1632 947 1694 puer
969 1611 1126 1676 continuo

166 1697 207 1760 ad
229 1696 337 1761 aviam
359 1698 538 1761 translatus
562 1701 621 1762 est.
653 1698 776 1763 scilicet
799 1698 837 1763 ab
854 1698 912 1764 illa
935 1700 1004 1764 mat
1005 1699 1051 1764 ris
1075 1701 1128 1764 in-

165 1784 335 1870 dulgentia
363 1789 521 1870 occupata
548 1789 598 1851 est
621 1785 757 1851 ethaeo
781 1786 929 1853 ablatum
951 1808 1016 1852 non
1039 1788 1127 1852 indi-

166 1878 267 1960 gnata
295 1878 354 1939 est.
398 1877 469 1939 toto
500 1873 551 1938 illi
575 1895 709 1958 corpore
731 1875 887 1959 innotuit3
923 1880 1128 1942 nontamen

164 1963 351 2027 ulteriorem
375 1962 468 2028 aviae
489 1961 642 2028 'notitiam
664 1963 834 2047 profiteor:
856 1966 1009 2048 nepotem
1029 1986 1127 2030 suurn

112 2070 146 2118 ιο
166 2051 287 2134 optime
301 2051 384 2117 facie
396 2050 499 2117 novit
521 2051 663 2117 moriens
676 2052 779 2136 igitur
793 2053 994 2136 propinquus
1012 2054 1128 2118 noster

165 2143 397 2205 testamentum
421 2140 553 2225 scripsit
575 2141 672 2205 breve
695 2143 729 2204 et
747 2141 894 2224 simplex.
923 2162 1000 2205 nam
1019 2162 1127 2225 noque

165 2226 221 2293 diu
240 2227 278 2293 de
296 2229 403 2312 primo
421 2228 539 2294 herede
558 2228 768 2332 cogitandum
786 2227 850 2293 fuit
862 2229 998 2294 habenti
1010 2229 1128 2332 filium,

163 2338 269 2469 tlt
294 2317 823 2490 {scrutatalennuu2
855 2338 1128 2490 {tutat

110 2510 144 2558 25
164 2493 304 2576 gratiam
327 2492 472 2558 referret.
516 2513 621 2576 neque
644 2493 717 2557 avia
738 2497 869 2576 captare
891 2496 1128 2560 testamentum

165 2580 233 2644 eius
256 2579 306 2645 fas
329 2581 472 2664 putavit,
502 2581 554 2644 cui
577 2578 798 2645 destinaverat
822 2603 923 2647 suum.
968 2582 1050 2649 haec
1073 2588 1127 2648 est

163 2671 278 2732 nostra
295 2668 455 2732 narratio:
478 2668 545 2733 ista
562 2671 674 2733 narret
693 2690 769 2734 suos
789 2669 922 2754 piratas.
954 2693 1020 2736 non
1039 2672 1136 2736 inse-¹

165 2777 245 2840 quar
273 2777 345 2821 eam
372 2756 526 2839 malignis
555 2756 808 2843 suspicionibus,
839 2759 903 2824 nisi
932 2759 1018 2843 quod
1046 2782 1126 2826 suos

164 2844 320 2910 libentius
352 2847 499 2910 mortuos
532 2845 689 2932 agnoscit.
734 2847 864 2912 habetis
900 2849 1126 2913 narrationem

111 2952 147 3001 30
165 2934 266 3018 pueri,
288 2933 417 2998 habetis
442 2937 475 2998 et
497 2935 625 3000 matris:
650 2933 760 3000 audite
778 2936 899 3001 liberti.
927 2936 1126 3020 interposito

164 3028 312 3107 tempore
340 3021 438 3087 libert
424 3024 476 3087 tus
506 3026 566 3088 not
567 3045 604 3088 ae
634 3024 781 3106 probitat
731 3025 810 3089 ttis
843 3022 991 3109 (deorum
1024 3024 1123 3090 credo

237 3196 483 3266 dorediditlllt
504 3204 535 3252 Ν
556 3199 603 3268 Al
621 3214 673 3253 nac
691 3202 712 3250 Β
731 3199 770 3268 118
789 3197 855 3269 sibi]
875 3197 938 3252 finis
956 3199 1031 3267 Β19
1050 3201 1125 3270 grat.

164 3286 237 3325 nem.
258 3267 378 3324 credidit
395 3284 445 3324 om.
464 3273 500 3336 Β,
523 3283 592 3324 corr.
611 3269 675 3325 Lat.
690 3272 699 3339 11
715 3275 748 3324 10
767 3272 796 3324 et
812 3273 833 3321 Β
847 3271 857 3338 11
873 3274 905 3323 12
925 3269 1124 3340 *[Narratio],

165 3343 198 3409 cf.
217 3344 283 3406 312,
297 3345 315 3394 4
329 3341 346 3422 11
366 3345 397 3394 13
416 3338 608 3409 fidelissuall
632 3346 665 3394 16
685 3340 721 3396 ad
740 3346 771 3405 Α,
790 3343 866 3408 aaa,
886 3356 955 3397 corr
974 3341 1034 3396 edd
1055 3341 1124 3410 123

164 3428 216 3466 nec
234 3416 257 3463 A
270 3413 280 3481 11
293 3409 414 3494 priorem
433 3414 492 3479 ΑΒ,
511 3427 579 3466 corr
590 3412 647 3467 Aer
659 3413 670 3481 11
683 3416 718 3465 24
735 3410 874 3466 honorata
892 3414 951 3480 ΑΒ,
970 3427 1039 3468 corr.
1051 3410 1106 3468 sa
1114 3411 1126 3484 11

165 3488 199 3536 30
218 3481 306 3537 matri
326 3487 385 3549 ΑΒ,
404 3497 473 3536 corr
492 3480 549 3537 Aer
