2392 3862
338 244 659 302 DECLAMATIONES.
679 247 841 304 cccxnlll.
1013 251 1078 315 355

116 431 199 491 esse,
231 412 268 473 ut
294 409 363 473 filia
389 413 446 473 tua
473 412 649 492 raperetur.
700 409 762 476 hoe
794 412 911 496 quibus
939 413 1080 498 colligo?

114 498 223 583 rapuit
254 519 325 562 eam
357 499 413 582 qui
439 520 504 562 non
532 499 673 562 amabat.
718 501 849 583 petierit
880 503 965 567 enim
989 525 1079 568 sane:

115 609 183 651 non
206 587 354 671 redemit3
379 587 439 651 sub
464 587 652 652 condicione
675 588 737 652 hae
759 610 825 653 non
845 590 995 674 redemit3
1020 614 1076 657 eur

116 676 238 741 diutius
257 674 390 740 moror?
417 698 471 739 -ε
495 675 575 740 mihi
595 676 700 741 cessit.
733 699 799 742 non
819 683 869 743 est
888 700 974 764 erge,
993 680 1079 764 quod

114 765 208 829 illum
238 764 417 848 eupiditate
445 765 610 848 inpulsum
637 771 745 849 putes:
776 789 885 831 carere
907 767 965 831 illa
988 772 1113 852 pote-5

115 857 176 918 rat.
223 852 342 937 adicio,
369 875 435 918 non
457 853 557 918 fuisse
581 854 674 919 illum
696 859 880 940 rapturum,
903 857 969 920 nisi
991 878 1079 921 seeu-

115 965 198 1006 rum.
244 942 328 1005 nihil
358 942 475 1027 loquor
507 943 545 1007 de
579 945 688 1027 patria
715 945 902 1030 severitate,
930 945 1013 1009 nihil
1041 945 1080 1010 de

116 1031 198 1115 lege,
222 1053 303 1115 quae
325 1053 385 1114 pro
409 1031 565 1116 pudicitia
588 1032 741 1116 minatur,
766 1055 848 1117 quae
871 1037 1009 1098 mortem
1029 1034 1080 1098 de-

114 1120 254 1184 nuntiat.
313 1119 369 1184 ille
408 1121 572 1203 rapuisset
602 1121 745 1204 puellam
782 1122 838 1186 alii
874 1123 1079 1205 destinatam,

116 1209 173 1273 alii
196 1213 336 1293 pactam,
360 1209 424 1273 nisi
441 1209 561 1274 fidueia
579 1209 650 1273 tui?
673 1232 740 1274 non
760 1214 809 1274 est
828 1211 989 1276 credibile.
1018 1211 1080 1277 Sed
1101 1231 1132 1278 10

113 1321 153 1362 ne
184 1297 267 1362 illud
291 1298 420 1382 quidem
446 1297 598 1362 credibile
622 1302 684 1383 est,
710 1298 812 1362 filiam
834 1300 964 1384 nuptias
988 1303 1080 1384 opta-

113 1390 221 1450 turam
253 1386 367 1470 fuisse,
399 1386 463 1450 nisi
495 1390 528 1450 te
561 1386 698 1452 volente.
742 1389 891 1473 primum,
926 1389 1012 1473 quod
1044 1391 1079 1453 in

113 1475 204 1538 nulla
226 1475 353 1558 virgine
375 1478 505 1539 tantum
528 1475 690 1559 audaciae,
714 1480 842 1542 tantum
862 1477 1078 1543 confidentiae

114 1568 178 1646 est,
205 1567 242 1627 ut
272 1563 357 1646 apud
380 1564 555 1649 magistrat
541 1568 668 1630 ttume
654 1565 730 1630 tde
752 1588 788 1630 re
812 1589 939 1631 summa
961 1565 1079 1631 audeat

116 1613 232 1735 optare
256 1653 438 1717 inconsulto
462 1656 569 1737 patre3
594 1658 627 1717 et
644 1654 756 1719 illat
721 1679 740 1719 u
742 1655 832 1756 tique
850 1677 916 1720 non
935 1655 1131 1721 fecissetis

115 1743 175 1821 [et]
199 1763 352 1805 noveram
375 1742 517 1825 puellam
539 1747 572 1806 et
566 1744 723 1894 tpropius
742 1744 775 1810 in
793 1745 909 1809 itinere
928 1746 1079 1830 cognovi.

114 1830 218 1914 adice,
241 1829 333 1983 quod
362 1853 540 1914 numquam
566 1835 636 1895 tam
663 1833 794 1916 ingrata
759 1832 938 1898 tfuisset
960 1833 1079 1917 puella,

113 1924 150 1983 ut
113 1924 255 2003 utnup
256 1919 305 1983 ias
329 1924 386 2021 opt
372 1923 458 1983 taret
481 1919 563 2000 eius,
587 1943 607 1984 a
630 1941 692 2003 quo
716 1942 782 1984 non
805 1925 876 1985 erat
897 1920 1044 2003 redempt
1046 1943 1078 2003 a3

114 2008 312 2090 relinqueret
335 2008 417 2090 eius,
448 2008 500 2071 eui
528 2007 667 2072 debebat
690 2007 788 2072 libert
774 2011 890 2092 tatem,
918 2010 970 2073 eui
993 2009 1078 2073 salu·

115 2098 191 2159 tem.
223 2095 285 2159 hue
309 2096 398 2160 adice
419 2095 631 2179 praeter<ea>
654 2097 747 2161 illum
770 2097 906 2161 iniuriae
924 2097 1078 2180 dolorem,
1098 2115 1131 2163 20

114 2205 188 2247 eum
214 2183 248 2247 id
277 2204 432 2267 perpessa
456 2188 543 2248 esset
565 2183 598 2247 in
623 2185 768 2268 civitate,
797 2185 882 2269 quod
905 2207 970 2250 non
993 2187 1079 2251 inter

114 2273 269 2355 latrones,
291 2293 359 2336 nen
382 2272 467 2337 inter
489 2272 647 2337 barbaros
666 2273 755 2338 illos:
778 2296 842 2339 non
863 2278 913 2338 est
931 2272 982 2359 (ut
997 2274 1077 2358 dixi)

115 2359 277 2444 credibile,
305 2366 342 2425 ut
372 2363 429 2426 aut
451 2361 598 2445 rapuerit
621 2362 675 2426 ille
699 2363 768 2427 sine
791 2363 910 2427 fiducia
932 2365 994 2448 tue',
1022 2364 1077 2446 qui

112 2471 179 2513 non
207 2449 352 2533 amabat,
385 2449 441 2534 qui
469 2450 645 2535 plurimum
677 2451 792 2516 timere
821 2452 988 2535 debuerat,
1021 2455 1078 2516 aut

112 2538 193 2603 haee
221 2539 385 2621 opt-averit
414 2539 483 2604 sine
514 2540 709 2604 auctoritate
733 2545 803 2624 tua,
836 2545 870 2606 et
891 2542 1013 2626 puella,
1045 2545 1077 2605 et
1095 2557 1129 2606 25

113 2631 228 2692 eontra
251 2649 339 2712 eum,
368 2628 422 2712 qui
446 2629 484 2692 de
508 2628 566 2692 illa
590 2630 713 2712 optime
736 2631 882 2695 merebat
883 2653 935 2714 ur,
963 2634 995 2694 et
1017 2651 1075 2713 pro

112 2738 163 2800 eo,
196 2739 216 2781 a
243 2738 307 2800 que
336 2719 368 2780 et
395 2721 582 2801 contempta
609 2722 679 2782 erat
707 2721 740 2782 et
766 2723 871 2821 rapta
924 2719 1074 2784 existimo

107 2806 258 2868 animum
276 2809 369 2870 tuum
388 2805 489 2871 fuisse
513 2805 665 2871 manifest
651 2810 734 2870 trum
758 2809 813 2898 qui
837 2808 865 2872 si
889 2811 1032 2891 apparet,
1056 2830 1076 2871 a

112 2899 145 2958 te
170 2893 432 2995 circumscriptus
457 2916 537 2959 sum.

178 2981 248 3048 Iam
276 2982 423 3047 venimus
454 2983 495 3047 ad
524 2982 618 3046 illam
645 2983 721 3047 tert
697 2988 777 3047 t1am
805 2987 931 3067 partem
960 3003 1075 3047 causae
1094 3000 1128 3047 30

110 3073 289 3151 nostrae
279 3093 314 3135 m
338 3092 402 3154 qua
425 3076 477 3135 ost
463 3071 595 3135 tendam
618 3071 725 3157 vobis,
759 3093 817 3155 qua
815 3095 856 3135 ,m
879 3072 989 3154 inique
1014 3071 1075 3134 sim

183 3244 363 3301 aesimon.
380 3247 405 3299 A
422 3251 424 3255 “
442 3249 478 3305 10
493 3245 545 3301 tm
560 3247 655 3319 ¹115
672 3243 849 3300 ineensul
868 3247 961 3315 ΔΙΙ16
980 3242 1076 3368 *qqtfll

111 3330 167 3386 pro
185 3315 289 3377 siuns
450 3347 480 3378 ‚e
521 3343 529 3394 j
555 3334 659 3394 ,ᾗ
617 3334 666 3395 wer,
686 3316 773 3373 ‚eius
792 3331 842 3370 om
861 3318 905 3387 Bu
921 3319 952 3370 19
972 3315 1007 3370 da
1029 3317 1075 3369 eat
