2392 3862
146 221 212 286 230
508 218 740 286 QUINTILIANI

141 407 194 450 res
232 385 282 448 ius
319 382 504 467 iurandum,
542 382 597 447 aed
629 383 705 467 quia
737 381 852 447 victori
883 380 1109 467 obtinentique

143 494 274 538 causam
301 471 398 536 facile
426 476 489 554 est,
522 476 555 537 et
583 471 662 536 labet
694 467 883 556 disputare):
915 473 1001 535 recte
1028 469 1109 537 fecit

142 563 253 645 legum
284 561 383 643 lator,
411 561 467 645 qui
495 561 543 625 ita
566 559 696 644 scripsit
719 561 839 643 legem,
866 562 992 624 utnon
1014 560 1107 643 puni-

144 647 1109 734 retur,quicondemnasset.quare?noluitaocusatoremesse

107 756 124 804 5
145 739 420 822 calumniatorem,
435 738 540 803 noluit
558 741 779 802 accusatorem
793 737 869 802 dare
886 735 1009 820 aliquid
1023 738 1108 804 odio.

144 829 265 913 alioqui
279 829 407 911 seimus,
421 827 526 891 multa
540 848 616 890 vera
630 825 760 910 quidem
768 847 835 891 non
844 846 924 909 esse,
938 826 1108 891 credibilia

142 921 252 982 tamen
266 938 345 982 esse.
360 920 530 982 accusator
543 914 621 1000 quid
635 915 731 980 debet
739 914 823 980 tibi?
842 918 880 979 ut
890 936 964 980 eum
972 913 1108 1000 deferat,

142 1006 295 1071 adversus
311 1027 407 1090 quem
418 1007 610 1089 argumenta
622 1003 753 1088 habeat,
768 1003 922 1069 adversus
933 1025 1031 1088 quem
1044 1007 1108 1070 tes·

142 1098 192 1159 tes
207 1095 343 1178 habeat3
357 1093 477 1178 alioqui
491 1096 661 1158 nocentem
676 1115 718 1157 an
732 1093 938 1158 innocentem
953 1093 1008 1177 qui
1024 1092 1108 1158 soit?

88 1200 123 1249 10
142 1184 206 1268 ipsi
225 1183 346 1248 iudices
365 1183 427 1247 hoc
441 1204 505 1248 non
523 1181 749 1267 pronuntiant,
764 1181 820 1247 sed
834 1203 868 1245 se
882 1203 922 1246 ex
936 1181 1038 1246 animi
1057 1181 1107 1247 sui

143 1272 306 1337 sententia
336 1271 444 1336 facere
475 1271 677 1355 profitentur.
723 1271 795 1355 quis
823 1273 933 1335 autem
960 1269 1107 1355 miratur,

142 1362 171 1426 si
190 1383 228 1425 ea
246 1383 299 1426 res
319 1362 540 1426 accusatorem
559 1359 693 1442 decepit,
717 1381 798 1443 quae
818 1359 964 1444 decipere
983 1358 1105 1424 iudices

141 1449 270 1532 potuit?
300 1454 467 1514 accusator
491 1469 563 1512 eum
587 1446 621 1511 id
644 1448 762 1530 effecit,
790 1452 827 1512 ut
848 1469 924 1512 reus
948 1447 1105 1513 damnan-

141 1538 201 1601 dus
220 1537 391 1618 videretur,
409 1535 547 1600 reddidit
564 1536 725 1601 rationem
744 1535 970 1603 accusationis.
992 1536 1104 1602 nullus

89 1642 123 1692 15
143 1629 252 1690 autem
275 1627 345 1688 tam
367 1623 492 1706 iniquus
515 1624 597 1709 legis
621 1624 708 1690 lator
730 1625 800 1709 fuit,
826 1629 863 1690 ut
887 1646 1030 1690 errorem
1053 1647 1105 1692 ac·

141 1713 300 1779 cusatoris
324 1713 438 1797 punire
461 1713 567 1778 vellet.
613 1717 744 1798 oportet
767 1735 837 1779 esse
860 1714 895 1778 in
918 1713 1050 1779 civitate
1074 1717 1107 1779 et

142 1806 360 1868 accusatores:
398 1802 522 1888 alioqui
559 1802 668 1868 omnia
701 1802 875 1869 mittuntur
908 1802 947 1866 ad
981 1824 1106 1886 manus,

140 1892 254 1957 omnia
276 1893 452 1956 mittuntur
475 1890 516 1956 ad
538 1890 670 1956 ferrum.
719 1913 777 1976 per
805 1913 839 1956 se
864 1890 1031 1956 difficilem
1054 1913 1104 1956 ra-

141 1982 265 2047 tionem
292 1981 455 2046 vindictae
483 1985 516 2044 et
543 1981 678 2046 ultionis
701 1979 851 2045 facimus:
883 2001 988 2064 paene
1009 1980 1106 2046 licen-

87 2085 121 2136 20
140 2070 222 2135 tiam
241 2070 484 2156 grassatoribus
505 2073 539 2134 et
556 2069 738 2136 latronibus
758 2069 882 2152 damus,
905 2068 991 2153 quod
1010 2089 1106 2136 nemo

141 2181 294 2225 accusare
318 2159 387 2224 sine
406 2159 549 2243 periculo
569 2159 683 2242 capitis
704 2158 754 2223 sui
772 2161 889 2242 potest.
920 2157 978 2223 sed
995 2160 1106 2223 tamen

141 2249 294 2314 adversus
321 2249 402 2313 haec
429 2247 510 2312 illud
534 2247 711 2312 remedium
736 2250 799 2329 ert,
828 2252 913 2331 quod
936 2251 1105 2314 accusator

141 2337 277 2421 cogitat,
310 2336 386 2420 quid
419 2336 605 2400 obiecturus
638 2337 691 2400 sit.
743 2336 771 2400 si
805 2357 847 2400 ne
879 2335 942 2400 hoc
974 2335 1106 2421 quidem

140 2424 281 2508 prodest,
304 2424 424 2489 vidisse
449 2422 573 2506 aliquid
594 2423 630 2488 in
648 2424 865 2508 accusatione,
887 2428 1014 2490 motum
1033 2446 1103 2490 esse

87 2528 121 2578 25
141 2512 365 2595 probabilibus
390 2511 605 2597 argumentis,
628 2511 663 2576 in
685 2515 792 2578 totum
814 2512 934 2578 iudicia
956 2513 1022 2578 ista
1043 2513 1105 2580 tol·

141 2603 254 2666 lemus.

208 2688 304 2754 Hunc
328 2692 438 2754 autem
460 2688 627 2774 habuisse,
656 2711 756 2775 quare
780 2693 962 2774 accusaret,
984 2690 1105 2756 credite

140 2778 301 2843 iudicibus
308 2828 316 2862 ,
340 2779 395 2863 qui
418 2778 663 2844 damnaverunt.
708 2778 786 2863 „hic
809 2777 992 2845 inimicus.“
1028 2779 1106 2865 quid

140 2866 199 2950 illi,
222 2867 278 2953 qui
301 2868 544 2952 cognoverunt?
578 2889 642 2952 quo
673 2867 773 2932 vultis
797 2871 905 2934 motos
930 2889 999 2933 esse
1022 2868 1106 2934 iudi-

86 2973 122 3022 30
141 2978 206 3040 ces,
235 2960 273 3021 ut
300 2955 515 3022 damnarent?
551 2978 617 3023 non
646 2956 731 3022 enim
760 2956 842 3022 moti
866 2960 943 3022 sunt
966 2957 1106 3024 auotori-

212 3191 228 3239 2
248 3185 333 3240 debet
351 3183 490 3255 disputari
508 3188 564 3251 AB,
584 3201 653 3241 corr.
672 3183 716 3239 Ro
730 3188 739 3255 ΙΙ
753 3190 825 3239 3-4
845 3201 901 3240 non
920 3183 1107 3254 impuniretur

139 3261 160 3307 n
175 3259 183 3326 ll
198 3256 248 3312 4si
265 3260 323 3324 AB,
343 3271 412 3311 corr.
422 3254 466 3311 Ro
479 3257 489 3325 Ι]
504 3261 519 3309 5
537 3271 698 3312 accusarem
716 3260 757 3308 As
769 3257 779 3323 ΙΙ
793 3255 868 3325 ‘lqui
885 3255 1107 3325 Blssadversue

141 3345 167 3395 q.
187 3328 208 3381 t.
227 3327 331 3382 habeat
354 3343 404 3383 om.
422 3328 586 3397 31110-11
609 3326 712 3382 animis
731 3328 763 3380 ut
781 3329 850 3382 sent.
870 3331 891 3379 B
913 3328 924 3396 ll
947 3331 980 3380 12
1000 3326 1108 3399 decipit

140 3436 161 3482 a
180 3434 189 3501 ιι
205 3438 237 3486 13
257 3433 346 3488 efficit
364 3436 429 3485 aaa
448 3434 458 3500 p
476 3398 572 3487 uellus
592 3436 638 3502 an
657 3439 689 3488 rs
709 3435 806 3488 umen
824 3432 1031 3503 calleamus
1048 3437 1107 3501 aa,

139 3519 209 3558 corr.
230 3502 271 3558 Gr
285 3505 294 3571 ΙΙ
310 3509 342 3557 16
364 3515 395 3561 Ν
412 3507 458 3574 An
473 3509 505 3559 19
523 3505 556 3558 ut
569 3508 589 3557 B
603 3507 612 3575 ΙΙ
627 3511 660 3559 23
676 3502 829 3560 obiecturis
839 3508 880 3557 Aa
893 3506 902 3575 ll
916 3503 1048 3560 bometti
1061 3509 1108 3559 Aa
