2392 3862
526 242 755 310 QUINTILIANI

269 512 423 580 Adulter
445 404 858 596 uxorisicqiriliossorut
881 511 1006 580 fratri.

160 620 222 697 Qui
251 620 331 684 duos
354 620 440 685 filios
470 619 613 684 habebat
635 620 693 684 uni
718 642 852 684 uxorem
874 619 970 683 dedit.
1015 620 1119 687 altero

249 712 439 794 aegrotante
472 712 505 775 et
535 707 714 773 dicentibus
748 708 894 791 medicis,
927 707 1027 773 animi
1050 730 1122 775 esse

125 811 141 859 5
249 798 454 884 languorem,
482 796 619 862 intravit
646 797 758 861 stricto
783 797 892 881 gladio
917 795 1061 863 minatus
1086 820 1121 864 se

250 888 443 951 moriturum
464 890 567 970 pater,
589 885 653 948 nisi
676 906 807 950 causam
830 885 1015 950 indicasset.
1047 908 1120 952 con·

247 976 342 1059 fesso,
362 976 466 1040 amari
484 997 503 1040 a
522 995 556 1038 se
574 972 686 1038 fratris
703 994 846 1057 uxorem,
864 973 966 1038 frater
986 978 1119 1058 petente

248 1067 341 1147 patre
364 1064 469 1129 cessit.
500 1062 557 1127 ille
580 1062 614 1125 in
637 1061 796 1127 adulterio
821 1084 893 1126 eam
916 1083 988 1126 cum
1010 1064 1119 1146 priore

249 1152 365 1216 marito
389 1151 621 1235 deprehensam
646 1150 771 1216 occidit.
808 1150 985 1215 abdicatur.

108 1327 141 1375 10
473 1308 807 1376 DECLAMATIO.

225 1417 394 1501 Ingressus
425 1417 599 1500 actionem,
627 1417 806 1499 interrege,
835 1415 964 1500 qualem
991 1421 1119 1501 patrem

159 1505 254 1570 velis:
269 1527 400 1589 gravem
415 1507 448 1568 et
463 1527 610 1570 severum
625 1526 668 1568 an
681 1504 810 1569 facilem
828 1509 860 1568 et
874 1503 1119 1588 ignoscentem?

158 1615 224 1657 non
249 1593 371 1676 dubito,
395 1592 473 1676 quin
497 1592 683 1658 adulescens
707 1592 870 1658 vindicato
893 1593 989 1658 modo
1008 1596 1118 1660 matri-

159 1682 270 1745 monio
298 1681 392 1744 malit
419 1702 471 1746 me
500 1702 609 1746 severe
637 1701 742 1766 agere.
794 1681 870 1745 talis
898 1682 1000 1767 igitur
1026 1687 1120 1766 pater

108 1784 140 1832 15
160 1769 260 1835 obicit
287 1768 363 1852 tibi,
391 1769 476 1853 quod
503 1768 537 1833 in
565 1791 708 1834 amorem
736 1768 887 1834 incideris
916 1770 1118 1856 cuiusquam:

159 1881 226 1923 non
249 1862 299 1924 est
322 1859 410 1923 istud
433 1859 499 1923 nisi
519 1858 719 1924 lascivientis
743 1857 853 1922 animi.
889 1858 954 1923 iam
978 1860 1007 1923 si
1029 1860 1119 1946 haec,

160 1970 256 2032 quam
285 1947 457 2030 adamasti,
485 1952 587 2030 nupta
615 1951 677 2013 est:
705 1951 741 2012 tu
772 1946 912 2012 alienam
935 1951 1120 2015 matronam

161 2038 264 2123 aliter,
288 2059 385 2122 quam
407 2038 496 2123 leges
519 2036 723 2122 permittunt,
747 2034 917 2120 aspexisti
943 2035 1119 2104 adiciamus

159 2126 234 2191 huc:
263 2126 376 2193 fratris
398 2147 543 2192 uxorem.
588 2125 746 2209 intellego
769 2147 832 2208 me,
860 2123 996 2211 iudices,
1023 2125 1119 2192 fictae

107 2230 141 2279 20
160 2215 236 2281 huic
265 2237 422 2301 personae
452 2215 598 2280 sufficere
626 2236 692 2278 non
718 2235 827 2297 posse,
855 2213 965 2297 itaque
994 2217 1120 2282 tacebo,

159 2303 229 2387 doc,
249 2305 318 2388 dccc,
337 2307 369 2368 te
389 2325 514 2387 sequor.
536 2303 633 2385 paulo
653 2306 728 2367 ante
748 2301 890 2366 dicebas:
914 2323 1119 2388 corrumpere

158 2391 269 2454 fratris
293 2413 426 2456 uxorem
450 2396 547 2454 ausus
567 2391 658 2472 es[t],
681 2389 769 2453 istud
792 2391 952 2454 incestum
975 2394 1032 2459 est

226 2477 283 2543 Set
305 2479 443 2544 forsitan
467 2478 552 2542 dices
573 2477 699 2560 „amavi
722 2478 909 2544 adulescens
931 2502 1012 2565 eam,
1036 2502 1118 2565 quae

159 2568 247 2631 domi
266 2569 344 2646 erat,
368 2567 457 2630 cuius
476 2565 679 2630 conversatio
699 2567 852 2631 continua
876 2567 975 2632 etium
998 2569 1118 2636 invitos

108 2672 141 2721 25
162 2656 203 2720 ad
222 2676 256 2720 se
276 2655 386 2721 oculos
405 2656 534 2739 poterat
552 2653 748 2719 deflectere“.
769 2655 982 2739 Ignoscamus
1002 2659 1120 2724 amori:

160 2744 264 2810 obicio
292 2743 394 2829 igitur
422 2742 483 2807 tibi
517 2742 640 2806 occisos
669 2764 688 2806 a
717 2746 750 2807 te
773 2743 921 2810 homines
945 2768 985 2811 ex
1007 2747 1119 2813 eadem

159 2856 266 2918 causa,
289 2855 352 2917 qua
376 2837 412 2897 tu
436 2830 564 2896 amasti.
608 2830 775 2915 null<i>us
799 2837 850 2897 est
872 2837 941 2898 tam
965 2834 1039 2900 vilis
1062 2835 1119 2904 ho·

158 2923 255 2988 minis
288 2921 432 3007 sanguis,
465 2923 502 2984 ut
533 2941 600 2984 non
633 2941 748 2985 manus
785 2921 943 3006 inquinet.
1005 2924 1119 2991 deinde

158 3015 242 3079 hanc
271 3031 331 3098 ego
356 3009 561 3075 severitatem
586 3008 657 3072 eliis
685 3010 900 3092 permiserim:
932 3017 969 3076 tu
996 3014 1054 3096 qui
1086 3016 1120 3079 et

230 3177 246 3225 2
266 3184 336 3240 quae
355 3167 418 3236 Aet
436 3171 452 3219 6
472 3164 607 3220 confessio
625 3166 688 3235 Aen
704 3170 735 3217 11
756 3167 838 3233 quale
857 3168 950 3235 Δ112
972 3162 1002 3208 Ν
1023 3172 1119 3273 2113

159 3244 334 3313 quiasure
353 3238 486 3294 iudicium
505 3238 597 3306 Anrl
620 3237 665 3291 dic
684 3234 729 3290 dic
747 3239 804 3303 ΔΒ,
828 3253 896 3291 corr.
915 3237 971 3301 Bor
1001 3255 1040 3292 ars
1073 3240 1120 3296 dio

159 3320 203 3384 tu;
222 3317 251 3369 te
266 3328 377 3383 sequor:
396 3328 424 3381 p.
438 3306 475 3376 (?)
489 3309 547 3376 1122
562 3307 651 3378 *es[t]
665 3308 722 3377 1123
737 3306 834 3360 *dicet
847 3312 894 3360 Ar
908 3309 918 3377 11
932 3313 1038 3362 21-23
1058 3325 1120 3366 cor-

159 3403 288 3456 rumpere
307 3384 325 3440 f.
345 3400 371 3437 u.
386 3397 411 3436 a.
426 3381 476 3448 est,
496 3379 540 3434 ist.
555 3379 573 3432 i.
589 3380 640 3434 est.
659 3375 709 3432 sed
726 3376 791 3430 fors.
810 3375 898 3432 diost:
918 3377 1035 3432 »amavi
1052 3386 1120 3439 otu«

159 3462 201 3523 (ot
219 3458 277 3512 sint
295 3454 431 3520 interfecti
447 3450 539 3520 voco)
558 3449 617 3518 Ro;
634 3448 681 3503 sed
699 3447 733 3514 cf.
753 3447 817 3501 drot.
832 3450 888 3504 28⁶
925 3451 962 3500 24
980 3451 1063 3502 erant
1079 3452 1122 3523 Δ11

160 3534 193 3585 27
215 3535 246 3580 Ν
267 3529 313 3595 211
328 3522 471 3598 null<i>us
489 3520 613 3594 8011122
631 3516 708 3589 quod
723 3520 781 3587 u,
798 3530 869 3573 verr.

632 3606 764 3631 m
