2392 3862
161 242 225 308 396
415 250 418 257 ·
525 237 752 303 aerumnam

552 435 727 503 SERMO.

228 563 258 627 A
284 567 376 647 parte
405 562 515 628 divitis
543 562 633 628 color
660 561 716 627 ille
744 561 907 626 introduci
928 566 1058 649 potest,
1091 569 1131 632 ut

161 653 285 717 dicatur
307 672 430 736 pauper
453 652 510 715 ille
529 651 629 716 fuisse
648 650 802 716 factiosus
822 653 879 715 aut
894 651 1131 739 turbulentus3

161 741 313 805 habuisse
341 740 528 805 huiusmodi
549 738 669 804 furoris
694 740 743 804 sui
766 740 915 818 comites,
943 740 1068 824 quibus
1092 744 1131 808 in

125 847 141 896 5
160 830 286 894 insidiis
301 828 469 912 dispositis
484 829 552 912 ipse
571 831 700 893 tantum
718 827 759 892 ad
773 827 1000 920 concitandam
1014 830 1130 896 rixam

161 941 195 984 se
219 917 413 1000 ostenderet,
436 921 578 981 ceterum
596 917 672 983 illos
692 917 726 980 in
743 913 905 1000 praesidio
923 916 1076 1004 haberet,
1100 921 1132 985 si

161 1007 238 1092 quid
271 1007 356 1072 forte
389 1005 479 1071 dives
512 1005 691 1070 moliretur.
724 1042 766 1052 —
801 1004 847 1070 Et
875 1004 937 1071 hoc
969 1007 1048 1090 ipsa
1081 1010 1132 1073 rei

161 1096 308 1160 condicio
336 1098 510 1159 monstrat:
535 1117 607 1160 oum
639 1095 682 1159 sit
709 1094 911 1176 incredibile,
942 1117 1132 1180 pauperem

162 1185 282 1267 solum,
329 1187 361 1247 et
396 1187 564 1267 praeterea
600 1186 694 1248 nocte
732 1183 772 1247 ad
809 1183 990 1248 convicium
1029 1184 1133 1251 diviti

110 1292 143 1341 ιο
162 1273 345 1338 faciendum
369 1274 503 1338 venisse.
549 1294 648 1357 quare
672 1271 757 1336 enim
780 1271 831 1336 die
854 1272 978 1336 tacuit?
1024 1294 1133 1359 quare

162 1363 196 1427 in
231 1362 303 1426 foro
339 1382 404 1427 non
441 1361 635 1426 maledixit?
690 1363 826 1446 apparet
861 1360 952 1425 illum
993 1366 1133 1428 noctem

163 1454 364 1534 expectasse,
401 1471 464 1534 quo
496 1449 624 1514 facilius
657 1451 791 1515 comites
825 1448 1049 1516 absconderet
1086 1489 1132 1499 -

162 1538 318 1603 Paratum
355 1558 432 1623 ergo
470 1537 511 1602 ad
542 1539 646 1602 rixam
679 1561 751 1603 cum
784 1538 850 1602 telo
882 1538 1018 1603 venisse.
1083 1540 1133 1605 di·

163 1628 263 1692 vitem
285 1625 369 1690 nihil
391 1626 456 1690 tale
476 1627 683 1711 suspicatum,
707 1627 812 1712 magis
835 1627 978 1691 insanire
996 1628 1131 1693 creden·

111 1733 144 1783 15
163 1718 239 1798 tem,
269 1715 396 1780 dedisse
420 1716 475 1799 qui
498 1715 699 1780 deducerent.
745 1719 823 1780 tunc
845 1736 921 1780 vero
944 1737 1131 1799 pauperem

164 1805 258 1889 quasi
291 1804 438 1869 custodia
470 1804 693 1888 excanduisse3
725 1804 898 1869 accessisse
931 1808 965 1868 et
996 1808 1130 1872 ceteros

165 1894 233 1958 eius
263 1892 418 1977 conscios,
447 1893 512 1978 qui,
541 1893 617 1957 dum
647 1893 772 1976 eripere
795 1913 969 1978 pauperem
992 1893 1132 1974 vellent,

164 1983 268 2046 rixam
306 1982 541 2048 concitaverint
577 1985 610 2046 et
645 1982 785 2047 fortasse
822 1980 916 2045 illum
947 2002 1132 2066 pauperem

165 2071 294 2136 silentio
318 2071 501 2156 occiderint,
526 2093 567 2135 ne
590 2073 704 2155 postea
727 2069 978 2154 comprehensus
1001 2092 1132 2157 pauper

111 2177 146 2226 ao
166 2165 313 2226 auctores
345 2160 498 2226 facinoris
528 2163 698 2246 cogeretur
724 2157 832 2223 fateri.
877 2161 910 2222 et
936 2156 999 2223 hoc
1027 2159 1132 2226 dubie

164 2250 349 2334 ponendum
378 2252 440 2334 est3
468 2270 549 2333 quae
573 2247 764 2313 constitutio
791 2249 827 2311 in
848 2245 975 2331 reliqua
997 2268 1133 2333 quoque

165 2359 281 2402 causae
309 2341 401 2420 parte
430 2336 587 2403 servanda
615 2339 673 2401 est.
718 2335 802 2401 nihil
830 2335 916 2417 enim
942 2357 1004 2418 pro
1035 2341 1130 2403 certo

166 2426 337 2490 adfirmare
365 2424 530 2508 debemus,
561 2425 617 2489 sed
644 2428 774 2489 tantum
802 2422 1021 2508 suspicionem
1045 2425 1132 2491 iudi·

166 2535 238 2577 cum
263 2512 400 2578 anobis
424 2512 490 2578 alio
513 2520 725 2596 praevertere.
767 2533 844 2598 ergo
868 2511 998 2579 abillis
1023 2514 1132 2580 videri

112 2619 147 2668 25
166 2601 287 2666 factam
315 2600 457 2685 caedem,
488 2601 543 2684 qui
573 2599 678 2666 adhuc
706 2602 863 2667 beneficio
890 2601 1054 2685 temporis
1083 2604 1133 2669 la·

166 2689 313 2773 te<a>nt:
345 2689 478 2753 divitem
508 2710 604 2774 super
637 2689 756 2756 damna
786 2688 977 2775 patrimonii
1008 2693 1046 2755 et
1077 2695 1134 2758 tot

168 2799 334 2844 servorum
358 2777 488 2843 caedem
510 2800 602 2843 reum
625 2800 703 2846 esse.
763 2854 766 2859 ,

238 2957 254 3005 2
274 2953 370 3022 aperte
388 2957 412 3005 A
434 2955 443 3022 ΙΙ
468 2960 484 3007 3
503 2953 553 3009 ille
571 2970 622 3009 om.
640 2958 664 3006 A
685 2955 695 3022 l
717 2959 735 3007 4
753 2951 890 3008 eiusmodi
907 2956 931 3004 A
952 2953 962 3022 l
983 2950 1061 3026 (in)
1078 2971 1133 3012 oss.

165 3028 213 3076 As
227 3024 477 3096 temtantes]
495 3025 622 3096 siAll13
640 3024 730 3079 rixam
748 3024 865 3080 comites
884 3026 1059 3079 secuml·
1097 3032 1135 3083 14

165 3097 359 3164 susxxpitum
376 3101 417 3149 Aa
431 3099 439 3167 ll
455 3100 488 3150 15
507 3097 658 3151 deduceret
675 3098 767 3164 111116
787 3093 1011 3151 excanduisse
1030 3099 1059 3149 A
1096 3102 1132 3155 1¹1

167 3185 230 3223 cum
247 3169 292 3236 ΒΙΙ
304 3167 411 3223 vellent
428 3184 479 3223 om.
497 3171 591 3238 Auno
609 3168 751 3221 auctorem
765 3171 785 3219 B
798 3167 809 3236 l
822 3171 856 3220 22
875 3164 949 3220 enim
967 3180 1020 3223 oss.
1033 3169 1059 3221 A
1096 3174 1135 3225 88

165 3240 216 3296 tffi‘
225 3243 259 3304 Β,
278 3243 412 3293 tamen?
438 3243 448 3309 l
475 3237 694 3309 suspicationem
711 3242 753 3292 Aa
769 3239 780 3309 fl
797 3243 833 3292 24
852 3237 1058 3307 prevertere
1086 3240 1136 3315 A!

166 3315 271 3366 25-26
290 3308 439 3383 late<a>nt
456 3309 500 3365 Ro
517 3316 543 3364 ct
560 3309 600 3364 Rs'
612 3310 623 3378 ΙΙ
636 3315 669 3364 27
689 3307 782 3364 caedis
800 3327 821 3366 r.
842 3323 866 3364 s.
884 3305 940 3364 Sole
