2392 3862
167 223 231 290 298
532 219 764 288 ournrnrnm

167 390 257 452 certa
286 383 395 468 aliqua
421 383 572 467 probatio
602 383 642 447 ad
669 383 731 448 hoc
758 381 894 447 duxerit.
944 381 979 445 in
1006 384 1132 449 utrum-

168 475 258 559 [que]
283 492 335 537 me
357 472 442 538 ratio
466 471 576 537 ducit?
600 471 721 556 aliquid
745 470 873 537 audisse
895 473 929 535 te
949 470 1060 536 eredo:
1083 495 1133 538 re·

166 561 321 647 pudiasti3
360 560 442 626 nihil
473 564 599 626 certum
631 560 903 643 manifestumque
936 561 1133 645 cognovisse

166 655 200 716 te
232 649 341 716 credo:
373 652 502 743 tantum
530 648 719 732 repudiasti.
765 648 996 734 qualecumque
1019 651 1133 715 tamen

132 739 254 807 sistud
288 742 349 822 est,
381 759 447 804 non
479 738 673 804 mediocrem
703 738 805 803 habet
836 759 965 804 morum
998 759 1133 804 suorum

167 828 386 894 defensionem
414 828 466 893 vel
494 827 599 910 ipsam
630 829 818 912 egestatem.
862 825 921 892 illa
943 826 1133 913 prostituta,

167 939 248 1002 quae
272 938 307 982 se
331 917 475 982 omnium
499 916 664 980 amoribus
683 914 843 1000 permisit,
865 914 952 980 fame
971 914 1038 980 iam
1058 937 1132 1000 per·

165 1008 261 1090 isset,
293 1005 360 1070 nisi
387 1005 493 1070 filium
523 1002 702 1070 habuisset
755 1024 860 1088 neque
891 1004 1024 1088 ignoro,
1058 1018 1132 1070 mea

165 1096 218 1161 vel
254 1093 410 1159 tarditate
446 1094 498 1158 vel
529 1093 722 1159 verecundia
753 1093 893 1176 factum,
930 1093 1015 1177 quod
1048 1092 1132 1159 mihi

114 1202 147 1250 10
166 1206 262 1250 eausa
286 1183 401 1248 matris
425 1204 515 1248 meae
537 1183 591 1247 hic
614 1181 740 1268 agenda
763 1183 822 1265 est,
847 1179 933 1265 quod
955 1184 1024 1247 tam
1047 1204 1133 1267 sero,

166 1272 253 1357 quod
275 1294 360 1357 nunc
383 1272 527 1355 demum,
554 1273 728 1356 postquam
750 1270 834 1355 ipse,
862 1269 938 1334 dum
966 1269 1133 1356 misereor,

166 1361 295 1428 offendi.
326 1361 453 1426 utinam
476 1359 601 1424 adicere
625 1360 710 1443 apud
729 1361 762 1424 te
780 1359 938 1424 voluisset
956 1358 1024 1444 illa,
1047 1381 1132 1444 quae

165 1449 247 1514 mihi
271 1449 387 1514 cotidie
411 1448 471 1513 ait:
494 1448 564 1512 rita
588 1468 649 1532 ego
669 1448 817 1513 adultera
835 1446 897 1513 hoc
915 1452 1073 1533 tempore,
1096 1448 1131 1513 in

165 1536 228 1601 hac
250 1536 458 1620 potissimum
482 1539 602 1619 aetate,
629 1539 705 1619 post
728 1536 844 1619 filium,
872 1539 1003 1620 etpost
1025 1537 1131 1602 filium

113 1643 147 1693 15
166 1625 359 1690 iuvenemr?
396 1625 546 1689 adfirmat
576 1623 648 1689 ideo
682 1628 717 1689 'se
749 1625 837 1690 cibos
866 1625 1024 1710 accipere,
1057 1624 1130 1691 ideo

165 1712 357 1798 protrahere
387 1712 503 1797 vitam,
530 1715 568 1777 ut
590 1712 652 1777 tibi
675 1713 713 1776 de
736 1712 892 1797 pudicitia
916 1735 974 1779 sua
995 1714 1132 1799 liqueat.

25 1886 27 1891 Ι
126 1851 131 1856 -
166 1805 243 1868 sunt
270 1803 347 1887 ista,
380 1823 462 1886 quae
491 1822 620 1868 movere
647 1804 680 1866 te
708 1823 836 1886 quoque
858 1805 1021 1887 poterunt.
1068 1822 1131 1888 ego

164 1894 275 1957 tamen
299 1891 334 1955 in
356 1891 551 1975 praesentia,
573 1890 695 1956 omissa
719 1891 808 1956 omni
827 1890 1023 1976 defensione,
1047 1890 1131 1957 illud

164 1980 359 2065 respondere
401 1983 571 2045 contentus
613 2001 699 2063 sum,
745 1981 1010 2064 qualemcumque
1052 1980 1131 2047 alui.

110 2085 145 2135 2ο
165 2070 357 2154 quantulum
390 2072 440 2134 est
472 2069 572 2152 enim,
609 2068 694 2151 quod
726 2069 945 2152 praestiterim
978 2089 1039 2155 ego
1071 2068 1131 2154 illi,

165 2159 263 2224 etiam
281 2158 461 2224 invidiosae
479 2158 611 2242 pietatis
630 2156 737 2222 filius?
760 2178 827 2222 non
845 2158 919 2242 plus
936 2158 971 2223 in
988 2160 1130 2224 matrem

165 2247 299 2331 contuli,
322 2268 418 2331 quarn
442 2247 527 2331 quod
550 2246 708 2330 patereris
731 2246 843 2311 datum
868 2266 938 2311 esse
956 2247 1130 2312 meretrici

165 2334 228 2400 Sed
250 2335 334 2399 clam
359 2338 392 2399 et
413 2336 586 2419 ignorante
608 2337 651 2400 te.
685 2334 769 2399 unde
793 2333 875 2399 mihi
893 2337 1019 2400 tantam
1034 2335 1129 2420 (in)-

164 2422 370 2508 felicitatem,
396 2428 434 2488 ut
460 2424 523 2488 hoc
551 2423 674 2488 crimen
696 2422 762 2489 sit?
793 2423 870 2489 volo
893 2423 1006 2508 itaque
1027 2424 1130 2491 inter·

110 2526 145 2576 25
164 2532 281 2597 rogare
299 2511 525 2596 praesentibus
543 2510 604 2595 his,
627 2532 707 2595 quos
726 2511 884 2578 habemus
901 2511 1032 2598 iudices,
1051 2513 1129 2598 quid

25 2596 34 2613 ⁵
164 2599 235 2663 fieri
267 2601 458 2684 oportuerit.
502 2620 619 2686 rogare
646 2603 678 2665 te
702 2600 820 2666 debui?
852 2604 1003 2667 exoratus
1025 2601 1129 2687 igitur

164 2687 291 2768 fuisses,
315 2688 343 2753 si
365 2689 554 2772 petiissem?
592 2689 654 2756 hoc
676 2689 844 2774 responde,
865 2690 929 2754 hoc
952 2689 1071 2755 adnue:
1095 2693 1129 2756 et

165 2776 288 2841 crimen
311 2777 498 2843 confitebor.
535 2778 672 2844 aluisses
696 2798 784 2864 ergo,
807 2778 836 2842 si
859 2776 998 2843 scisses?
1020 2778 1128 2846 credo.

164 2866 358 2949 quantulum
381 2866 467 2931 enim
487 2872 558 2933 erat
576 2866 772 2932 cotidianam
791 2866 911 2951 stipem
930 2868 963 2932 et
979 2867 1043 2933 hoc
1062 2868 1129 2934 exi·

111 2970 146 3020 30
165 2973 278 3039 guum,
307 2976 371 3038 quo
399 2956 508 3020 anima
530 2957 564 3020 in
585 2958 753 3042 posterum
776 2955 862 3020 diem
883 2959 1128 3041 prorogaretur,

236 3145 466 3218 1*utrum[que]
489 3149 499 3217 ss
522 3152 538 3201 8
565 3146 727 3217 ignorantia
753 3163 817 3202 mea
839 3151 860 3198 B
883 3147 892 3216 [Ι
917 3151 949 3200 12
977 3145 1008 3200 id
1033 3147 1127 3204 dicere

163 3215 216 3271 Scir
229 3218 239 3286 ss
252 3217 281 3271 te
300 3232 350 3272 om.
369 3218 415 3287 Al
430 3222 463 3271 15
481 3218 625 3274 adulterae
643 3220 735 3287 8111?
753 3216 879 3287 poterint
896 3220 971 3285 Aah,
990 3220 1129 3287 poterunt

162 3291 217 3355 Ab,
242 3303 311 3344 corr.
330 3287 398 3357 Iton
418 3293 450 3345 18
470 3289 594 3344 omnium
611 3293 689 3342 B-l’
706 3291 716 3360 l
734 3295 768 3343 23
787 3289 853 3344 darn
871 3293 920 3357 Aa,
939 3306 986 3343 em
1004 3293 1045 3343 Ar
1064 3290 1074 3361 l
1092 3294 1127 3345 23

163 3364 234 3413 -24
252 3356 489 3432 <in>felicitetem
507 3360 560 3426 Ro,
579 3362 627 3428 cfr.
646 3363 762 3427 299,ss
782 3361 791 3430 ΙΙ
812 3365 847 3413 24
865 3361 895 3415 et
911 3364 932 3411 B
955 3360 965 3429 l
987 3365 1023 3416 26
1042 3376 1126 3432 opor-

161 3428 218 3483 tuit
235 3432 279 3500 ΒΙΙ
293 3436 327 3485 27
341 3430 475 3500 petissem
488 3435 518 3500 B,
532 3431 685 3501 potuissem
699 3432 860 3501 21127-29
880 3429 951 3487 adne
970 3432 1000 3486 et
1018 3430 1128 3489 crimen

162 3502 214 3568 Aa,
233 3501 270 3553 ad
288 3501 356 3557 nece
376 3502 482 3557 crimen
499 3503 593 3572 121130
610 3503 858 3572 prorogaretur
876 3506 900 3554 Δ
