2392 3862
344 195 816 263 DECLAMATIONES..CCLXIV.
1016 208 1057 273 79

95 375 220 454 tamen,
252 367 371 434 duobus
398 391 471 434 cum
503 368 668 433 heredibus
696 390 764 434 esse
791 370 892 434 litem.
938 391 1058 454 quaero

95 459 199 542 igitur
222 459 262 523 ab
284 458 371 541 istis,
394 461 502 522 utram
521 457 655 541 eligant,
678 477 746 523 cum
765 479 829 543 qua
848 459 965 524 malint
983 480 1058 525 con-

96 547 221 612 sistere.
266 567 371 633 neque
405 546 491 611 enim
522 545 658 630 litigant
689 545 728 611 de
759 546 918 613 bonorum
955 551 1058 633 parte,

96 635 152 701 sed
177 639 282 700 totum
306 638 449 720 arguunt
472 637 715 700 testamentum.

164 723 360 808 Incipiamus
383 723 486 808 igitur
508 723 549 787 ab
574 744 621 806 ea,
644 744 726 807 quae
748 723 840 806 prior
858 725 979 809 scripta
998 730 1092 794 estc

97 812 174 898 quid
198 813 232 877 in
255 812 317 876 hac
339 816 431 891 parte
449 812 638 878 testamenti
657 812 812 878 vitiosum
831 812 903 877 est?
927 817 1057 878 vetatur

96 902 173 986 plus
198 922 296 985 quam
328 900 494 965 dimidiam
517 903 645 985 partem
673 901 833 966 bonorum
860 901 1058 987 relinquere:

58 1046 62 1052 ,
96 989 265 1055 dimidiam
296 992 423 1073 partem
454 989 642 1073 patrimonii
676 990 803 1074 accipit.
859 990 1058 1055 excutiemus

95 1082 226 1164 postea,
251 1078 346 1162 quale
375 1078 419 1143 sit
445 1077 538 1162 illud,
566 1079 652 1162 quod
682 1084 890 1145 consecutum
914 1082 976 1143 est:
1009 1079 1058 1144 in·

94 1167 192 1232 terim
219 1167 282 1233 hoc
309 1167 359 1232 ius
386 1166 515 1231 firmum
543 1171 606 1251 est,
634 1189 693 1234 nec
721 1168 821 1232 everti
849 1168 1057 1251 sequentibus
1078 1187 1112 1237 10

118 1259 213 1321 otest.

95 1278 117 1340 p
161 1343 227 1428 „At
250 1345 336 1408 enim
359 1343 409 1409 ius
432 1343 491 1408 illa
514 1344 642 1427 quidem
668 1344 785 1409 habuit
807 1344 969 1428 capiendi:
1002 1345 1058 1410 sed

96 1454 147 1516 ea,
179 1453 261 1516 quae
287 1435 403 1517 postea
426 1432 550 1516 scripta
573 1436 636 1516 est,
666 1454 732 1499 non
754 1433 897 1498 habuit.“
938 1434 1057 1499 iterum

95 1521 320 1606 interrogabo:
340 1520 462 1604 quare?
483 1521 656 1606 „quoniam
674 1522 749 1605 plus
776 1545 874 1607 quam
889 1522 1057 1588 dimidiam

94 1614 224 1694 partem
255 1609 444 1694 patrimonii
467 1610 649 1694 relinquere
672 1610 810 1676 feminae
833 1633 899 1677 non
921 1611 1059 1695 potuit.“
1078 1630 1111 1680 15

95 1699 199 1783 Atqui
226 1698 306 1763 haec
334 1719 461 1782 quoque
488 1720 555 1764 non
582 1700 656 1783 plus
684 1721 780 1783 quam
803 1699 937 1765 dimidia
964 1704 1058 1785 parte
1178 1705 1189 1729 ⁵

95 1787 287 1872 patrimonii
309 1787 403 1851 heres
426 1787 579 1853 instituta
601 1791 660 1852 est.
691 1808 750 1852 nec
773 1787 866 1854 video
889 1790 1058 1874 rationem,

97 1898 154 1941 our
184 1875 233 1961 id,
265 1875 351 1961 quod
383 1876 432 1939 illi
465 1897 578 1959 capere
611 1876 717 1958 licuit,
749 1877 824 1942 huic
854 1899 920 1943 non
947 1878 1059 1961 liceat,

96 1986 170 2029 cum
193 1966 228 2028 in
251 1965 363 2029 eodem
388 1964 510 2048 scripta
534 1965 578 2029 sit
593 1968 806 2037 testamento.
847 1965 1058 2030 manifestum

96 2057 156 2136 est,
178 2052 262 2116 nihil
285 2074 383 2136 posse
407 2053 589 2117 calumniae
608 2052 781 2118 admittere
800 2053 899 2118 verba
918 2054 1001 2138 legis
1021 2075 1058 2118 ac
1077 2072 1111 2123 ao

95 2141 261 2223 scriptam.

163 2226 258 2294 Nunc
287 2229 477 2312 peritissimi
500 2229 606 2294 litium
630 2229 778 2294 homines
803 2229 843 2293 ad
865 2229 1058 2313 interpreta-

63 2361 67 2367 -
95 2319 220 2384 tionem
252 2339 313 2382 nos
340 2318 420 2382 iuris
450 2317 620 2383 adducunt.
668 2339 734 2383 non
762 2319 848 2382 enim
876 2319 961 2383 hanc
988 2340 1058 2386 esse

96 2407 180 2492 legis
199 2407 410 2486 voluntatem,
434 2428 515 2491 quae
535 2407 642 2472 verbis
662 2407 862 2492 ostendatur,
884 2407 986 2473 videri
1004 2432 1058 2476 vo·

97 2496 178 2560 lunt.
224 2517 363 2581 quorum
387 2515 446 2580 ego
469 2495 683 2579 prudentiam,
706 2495 837 2580 iudices,
860 2517 1058 2581 magnopere
1076 2516 1110 2565 25

96 2584 211 2650 miror:
233 2587 362 2649 tantum
385 2583 532 2649 vicerunt
554 2584 630 2649 illos
654 2585 791 2650 maiores
814 2590 960 2671 nostros,
982 2587 1057 2651 illos

96 2673 327 2738 constitutores
353 2672 443 2756 iuris,
465 2673 549 2757 illos,
574 2674 629 2756 qui
652 2672 765 2738 rudem
789 2674 955 2738 civitatem
978 2674 1057 2759 legi·

97 2761 158 2826 bus
183 2782 220 2826 ac
244 2761 313 2826 iure
336 2761 529 2845 formarunt,
550 2763 588 2825 ut
610 2761 672 2827 hoc
691 2763 872 2847 approbare
891 2767 1058 2848 conentur,

96 2849 237 2915 defuisse
253 2849 306 2915 his
321 2870 511 2933 sermonem,
532 2849 672 2915 defuisse
687 2851 867 2916 consilium.
892 2851 939 2916 Ac
953 2852 1057 2935 prius·

97 2959 193 3023 quam
225 2937 386 3003 rationem
419 2938 522 3022 ipsius
554 2937 635 3024 legis
664 2939 804 3024 excutio,
836 2934 966 3004 interim
995 2940 1057 3006 hoc
1077 2957 1113 3007 30

171 3154 184 3201 1
203 3147 284 3202 vobis
304 3165 368 3203 cum
386 3147 496 3220 legibus
516 3163 577 3203 csse
595 3147 613 3203 l.
632 3153 663 3216 Δ,
682 3148 763 3204 nobis
778 3165 802 3205 c.
821 3148 839 3203 l.
859 3165 882 3204 e.
902 3148 920 3202 l.
939 3151 968 3216 Β,
988 3163 1057 3205 corr.

98 3216 140 3275 Gr
153 3219 193 3288 la
212 3218 242 3273 in
261 3233 316 3286 qua
335 3223 393 3290 ΔΒ,
412 3236 480 3276 corr.
497 3219 551 3275 Sole
565 3219 603 3287 ΙΙΒ
623 3216 674 3275 n'ec
693 3223 713 3271 Β
728 3222 736 3289 ΙΙ
752 3226 766 3275 7
786 3219 931 3274 dimidiam
949 3221 1058 3288 partem

95 3342 232 3397 bonorum
251 3341 409 3413 relinquere
428 3361 477 3400 om.
497 3347 518 3395 B
542 3344 551 3412 ll
573 3303 713 3414 Suscipit
731 3348 767 3410 Δ,
786 3342 877 3412 accipi
895 3345 929 3410 Β,
948 3344 1060 3414 aceepit

96 3412 151 3469 Sele
164 3415 203 3482 [19
223 3413 315 3483 qualis
333 3418 354 3466 B
373 3417 383 3484 ΙΙ
404 3421 436 3471 10
454 3415 508 3470 hcc
526 3413 664 3468 infirmum
684 3419 707 3466 Δ
721 3415 730 3483 Η
743 3413 815 3468 verti
833 3414 882 3484 Bt
893 3419 928 3466 iu
945 3413 1067 3483 quibem

91 3483 149 3539 illa
166 3488 223 3554 ΔΒ,
242 3501 310 3541 corr.
330 3486 373 3572 Ro
387 3488 397 3554 ΙΙ
411 3491 446 3540 20
465 3485 514 3542 *ac
532 3485 632 3559 scripti
651 3490 684 3560 Β,
703 3484 834 3558 ascripta
846 3489 874 3539 Β
