2392 3862
280 208 283 215 ⁴
319 237 638 295 uncuaurrrouus.
658 238 832 300 ooouxxn.
993 242 1058 306 409

99 400 212 465 boris?
237 399 275 464 de
299 422 350 465 me
374 401 470 466 facile
492 404 555 466 est:
578 375 741 468 inueniam
760 408 899 489 patrem,
923 404 980 468 sed
998 404 1059 469 tibi

99 490 214 554 timeo:
239 489 323 553 soles
347 491 431 554 enim
454 491 641 575 periclitari.

464 700 699 770 CCCLXXH.

267 825 441 892 Pulsator
464 824 667 893 educatoris
691 825 890 910 expositus.

100 967 165 1045 QUI
192 985 335 1032 Paruum
361 985 591 1052 Punsavnulr,
622 986 739 1035 manus
768 988 805 1034 ur
833 985 1094 1036 memorarunt

189 1074 351 1122 remoris
366 1074 420 1122 sir
435 1074 550 1123 norro.
571 1057 707 1133 Quidam
724 1059 906 1143 expositum
918 1059 1061 1142 sustulit,

188 1168 247 1229 pro
275 1146 343 1210 filio
368 1144 525 1212 educavit.
571 1148 719 1231 pulsatus
743 1149 784 1212 ab
810 1169 862 1232 ee,
892 1150 1060 1231 tamquam

187 1238 281 1320 pater
304 1257 418 1299 manus
447 1235 571 1310 incidit.
631 1237 761 1320 agnitus
790 1240 840 1300 eat
863 1237 1061 1301 adulescens.

192 1322 347 1388 advocato
379 1323 523 1387 naturali
558 1346 599 1406 pa
599 1327 649 1388 tre
681 1346 754 1390 eum
787 1324 959 1416 educatore
992 1324 1062 1409 agit

188 1412 330 1477 talionis
1083 1428 1115 1478 ιο

408 1605 750 1674 DECLAMATIO.

167 1747 443 1814 Sceleratissimus
463 1750 615 1834 omnium,
638 1750 769 1832 iudices,
792 1750 929 1832 iuvenis,
952 1751 1062 1834 ingra-

100 1839 163 1922 tus,
186 1838 237 1902 vel
262 1838 340 1920 quia
361 1838 466 1901 lucem
490 1838 644 1902 beneficio
663 1859 736 1902 meo
761 1838 886 1921 aceepit
909 1838 960 1901 vel
985 1839 1062 1921 quia

102 1927 163 2008 [in]
188 1929 330 2009 patrem:
358 1925 409 1989 bis
432 1925 594 2009 parricida
617 1930 676 2007 est,
699 1926 800 1990 semel
824 1923 920 2008 domi,
943 1927 1060 1989 iterum

100 2017 136 2080 in
162 2015 243 2079 fore.
289 2035 386 2096 quam
414 2013 530 2078 merito
553 2017 708 2078 'cruentas
736 2013 914 2097 perdiderit
935 2036 1061 2097 manus,
1082 2029 1114 2078 15

101 2103 129 2168 si
161 2103 233 2186 quis
267 2101 372 2166 adhuc
404 2101 579 2186 dubitabit,
611 2102 763 2185 aspiciat:
795 2101 913 2166 iterum
946 2124 998 2166 me
1028 2103 1062 2166 in

101 2192 276 2275 conspeetu
304 2194 412 2255 vestro
440 2192 562 2275 pulsat,
591 2191 689 2255 etiam
717 2192 851 2255 truncus
876 2211 914 2254 ac
937 2190 1063 2270 debilia,

103 2281 174 2346 sola
187 2279 276 2343 rabie
295 2278 430 2364 integer,
444 2280 478 2342 in
496 2279 651 2343 miserum
671 2301 780 2344 senem
796 2279 942 2344 incurrit.
963 2279 1063 2362 quid?

103 2369 131 2432 si
163 2368 299 2432 haberet
330 2368 469 2432 manua?
512 2389 549 2432 ae
583 2389 624 2432 ne
657 2370 729 2452 quis
761 2367 854 2431 illum
888 2368 1063 2432 cotroitum

103 2478 209 2541 poena
229 2458 331 2541 putet,
355 2457 455 2542 etiam
473 2457 626 2522 audacior
643 2457 749 2523 faetus
770 2460 829 2523 est.
861 2457 1064 2521 debilitatem
1082 2473 1117 2523 ιο

104 2567 210 2610 meam
243 2545 442 2628 concupiscit
475 2550 508 2609 et
538 2545 567 2609 ei
596 2547 768 2630 praecipue
800 2546 945 2630 eorporis
978 2547 1064 2629 parti

104 2635 269 2717 irascitur,
300 2655 482 2718 perquam
512 2634 602 2723 vivit,
646 2635 767 2717 fateor,
795 2635 931 2717 iudices,
957 2635 1065 2700 fateor
1124 2636 1125 2639 ’

52 2781 56 2790 .
104 2723 335 2806 praecidendas
358 2723 459 2787 fuisse
482 2722 542 2787 has
565 2745 691 2804 manus,
714 2724 769 2787 sed
792 2745 865 2787 cum
884 2724 984 2788 istum
1002 2724 1064 2788 tol·

105 2813 217 2878 lerent.
263 2813 322 2874 nee
351 2812 503 2876 erubeseo
528 2809 629 2896 (quod
653 2813 694 2876 ab
717 2812 782 2877 isto
805 2813 976 2877 minimum
1001 2809 1064 2896 est)

177 3009 194 3057 4
212 3004 386 3072 pulsatorem
404 3007 455 3055 ΔΒ
469 3005 478 3074 d
492 3002 633 3058 ducatoris
652 3004 697 3072 ΔΙΙ
717 3008 732 3057 ὅ
751 2990 859 3058 incidat
847 3005 892 3058 tur
909 3005 983 3085 Bflo
1002 3004 1064 3057 tha·

83 3082 87 3089 '
105 3074 189 3130 lionis
206 3075 251 3129 bic
269 3080 294 3128 et
307 3079 404 3142 posteo
421 3078 442 3126 Β
461 3076 470 3145 ΙΙ
488 3080 504 3128 8
532 3075 567 3144 pf
584 3077 619 3140 Δ,
642 3075 717 3143 patri
735 3077 809 3146 Β119
828 3091 865 3128 na
865 3074 952 3128 turari
970 3076 1016 3142 ΔΙΙ
1032 3079 1064 3128 14

104 3162 195 3234 *[in]‚
215 3164 250 3231 cf
269 3167 332 3229 417,
345 3167 429 3232 25³4·
451 3163 460 3232 ss
481 3161 559 3217 domi
577 3179 627 3244 om
648 3167 688 3216 Aa
711 3165 720 3235 η
742 3149 784 3218 itr
802 3167 825 3215 Δ
844 3165 854 3232 ΙΙ
879 3169 911 3217 16
931 3162 1066 3229 aspiciant

103 3238 126 3287 Δ
148 3235 158 3303 ΙΙ
183 3240 286 3288 12-16
311 3234 556 3290 sceleratissimus
568 3233 706 3302 iuvenis,
733 3234 859 3304 ingratus
877 3232 923 3288 vel
930 3233 1060 3316 quia...

85 3305 215 3375 aceepit
232 3305 279 3360 uel
298 3305 365 3374 quia
382 3306 412 3359 in
429 3307 540 3385 patrem
557 3304 601 3358 bis
619 3305 761 3372 parrrcida
779 3307 830 3372 est,
850 3322 870 3358 s
886 3305 936 3357 d.'
928 3323 945 3359 1
961 3305 981 3359 i
994 3303 1064 3372 foro,

104 3395 190 3461 quarn
212 3376 322 3431 merito.
359 3374 566 3446 perdiderit..
578 3375 720 3443 aspiciat.
757 3393 816 3428 aaa
835 3376 1066 3444 comprehensione

104 3450 180 3504 omui
197 3467 216 3504 a
234 3449 388 3516 complexus
406 3447 449 3501 Ro
463 3449 472 3514 ΙΙ
487 3452 520 3501 19
541 3419 572 3498 Ν
593 3446 639 3515 ΔΙΙ
657 3453 691 3500 23
710 3445 895 3514 procidendae
914 3448 960 3517 Ab
973 3464 1067 3502 secum

106 3519 172 3574 dum
191 3519 276 3575 istum
295 3522 336 3572 Aa
349 3520 358 3588 ss
373 3516 493 3573 tolerent
510 3521 544 3586 Β,
565 3517 727 3572 colerent?
