2392 3862
517 175 745 242 QUINTILIANI

171 336 194 389 ⁹
554 370 700 440 oonrv.

259 498 359 564 Exul
383 498 568 565 aeeusator
591 497 629 564 et
652 497 850 564 sententiae
872 514 989 581 paros.

146 623 258 706 Exue,
282 642 342 702 oui
365 641 547 690 suasurum
571 640 619 687 nu
641 638 892 687 numennumen
909 640 1114 691 Pnsrrnnns

235 729 405 778 rumosas
438 728 630 795 vononem,
667 728 809 775 nannai
842 729 880 776 ru
917 727 1114 779 crvrrnrnm

110 816 126 864 5
235 819 419 866 annaurim
451 816 692 885 mansurum,
728 817 774 864 nu
808 816 839 866 s1
873 816 1112 885 mnicnvnnrr,

233 908 377 955 nnnnnr
406 908 444 955 ru
472 905 646 954 crvrrnrn.
692 888 779 955 Itxul
808 888 890 953 dixit
918 909 952 954 se
980 888 1114 975 habere,

233 979 320 1064 quod
345 979 384 1044 de
408 977 573 1043 adfectata
595 977 768 1061 tyrannide
792 976 921 1042 diceret.
962 977 1114 1045 venitin

233 1068 408 1133 civitatem.
435 1066 616 1150 postulavit
632 1088 732 1131 reum.
761 1065 790 1132 is
810 1065 921 1150 aequis
936 1066 1112 1133 sententiis

233 1154 404 1221 absolutus
428 1158 487 1220 est.
510 1154 573 1220 fert
596 1154 727 1239 quidam
749 1153 965 1239 rogationem,
987 1157 1024 1221 ut
1043 1177 1113 1221 ma·

235 1247 320 1309 neat.
345 1241 417 1309 OD.
449 1320 452 1325 ,

534 1400 711 1467 SERMO.

208 1523 324 1588 Potest
345 1525 455 1589 venire
478 1523 513 1587 in
537 1523 683 1607 dubium,
706 1545 770 1609 quo
794 1544 912 1609 genere
934 1523 1108 1591 divisionis

27 1624 30 1629 '
141 1613 191 1677 uti
214 1633 274 1676 nos
298 1613 332 1676 in
355 1612 417 1677 hae
436 1612 658 1678 controversia
676 1614 836 1697 oporteat.
871 1612 999 1677 videtur
1017 1614 1111 1681 enim

142 1700 301 1785 quaedam
333 1721 429 1785 posse
456 1699 560 1765 dioere
588 1701 688 1766 etiam
711 1701 794 1766 eitra
820 1701 1026 1785 rogationem
1054 1702 1112 1769 ad·

90 1805 122 1854 15
142 1792 276 1854 vocatus
295 1788 392 1855 huius
411 1788 522 1871 exulis,
544 1811 603 1874 per
621 1811 704 1873 quae
722 1791 772 1854 ius
787 1788 941 1854 manendi
955 1789 1108 1857 vindioet

141 1882 248 1943 utrum
282 1897 360 1962 ergo
392 1877 487 1960 haee,
519 1899 602 1962 quae
630 1877 712 1943 eitra
739 1877 945 1963 rogationem
977 1899 1109 1965 quoqne

140 1990 200 2051 pro
224 1967 281 2032 illo
305 1967 416 2031 futura
439 1970 528 2051 sunt,
556 1966 699 2032 dicemus
722 1970 799 2032 ante
822 1965 1033 2051 principium,
1064 1988 1109 2033 an

141 2056 254 2121 statim
278 2055 503 2141 rogationem?
540 2055 663 2140 speeies
687 2054 852 2138 seducit,
878 2058 928 2136 ut,
952 2056 1109 2139 quoniam

141 2149 174 2210 et
196 2144 392 2230 praecedant
415 2148 449 2209 et
471 2144 594 2210 leviora
617 2143 796 2227 videantur,
819 2144 880 2224 [et]
900 2143 1007 2229 prima
1029 2144 1109 2211 sint.

88 2248 123 2297 20
142 2234 197 2299 sed
220 2234 304 2299 ratio
328 2234 491 2299 diversum
514 2232 596 2297 mihi
614 2232 750 2298 suadere
768 2231 903 2316 ridetur,
926 2232 998 2297 ideo
1018 2232 1108 2319 quod

140 2322 322 2386 necessaria
339 2322 434 2387 nobis
453 2320 602 2405 quaestio
622 2320 801 2404 superabit:
824 2342 867 2385 an
879 2321 961 2386 haee
974 2323 1107 2407 rogatio

141 2412 257 2475 eontra
283 2410 390 2494 legem
417 2408 555 2493 feratur3
587 2408 623 2473 in
650 2408 740 2474 ouius
768 2412 860 2493 parte
884 2410 950 2475 sint
972 2430 1106 2477 neeesse

141 2502 191 2562 est
228 2498 300 2578 illa,
337 2517 558 2582 quaecumque
585 2496 704 2562 dicturi
732 2519 856 2562 sumus:
888 2519 930 2563 an
956 2497 1108 2564 videatur

140 2586 194 2650 hio
217 2587 318 2650 etiarn
342 2585 406 2651 alia
429 2586 502 2670 lege
524 2606 691 2651 remanere
709 2585 876 2670 potuisse?
899 2609 940 2651 an
958 2586 1105 2671 rogatio-

88 2690 121 2739 25
140 2696 214 2739 nem
247 2674 332 2739 ferre
365 2676 516 2759 oporteat
543 2673 584 2739 ad
614 2674 762 2759 singulos
790 2674 1030 2759 pertinentem?
1063 2698 1108 2742 an

142 2768 254 2828 contra
277 2763 404 2849 legem?
442 2784 484 2828 an
512 2762 594 2828 haee
615 2763 744 2848 rogatio
767 2766 884 2828 eontra
906 2764 1013 2849 legem
1037 2762 1106 2829 sit?

142 2873 184 2915 an
207 2853 360 2917 meruerit
383 2853 440 2917 ille
464 2852 653 2918 remanere?
1131 2850 1135 2854 ’

215 3033 231 3081 3
252 3028 482 3096 sederenius
501 3025 546 3081 his
565 3027 658 3095 rura
678 3027 843 3094 guenta
862 3026 992 3081 videatur
1009 3028 1056 3097 ΔΙΙ
1072 3032 1105 3083 rs

140 3113 190 3166 per
209 3097 227 3168 r}
245 3103 274 3165 n,
302 3115 352 3167 per
375 3104 497 3182 quam?
519 3099 528 3168 Η
553 3103 585 3153 17
602 3098 656 3182 illa
673 3102 694 3150 B
717 3099 727 3167 ΙΙ
749 3096 806 3151 sint
824 3101 876 3149 ΔΡ
899 3099 908 3166 ΙΙ
933 3103 965 3154 18
985 3099 1107 3167 etpost

140 3173 351 3296 zittert
367 3169 839 3310 ttzttrt‘eztrtttt
856 3167 1106 3309 tttttdtt

140 3311 249 3380 rogatio
269 3314 362 3379 Ante
382 3311 419 3367 sit
437 3327 486 3366 om.
506 3315 529 3363 Δ
