2392 3862
112 202 194 257 XXll

486 202 703 259 PRAEFATIO.

115 356 199 412 1494
223 341 432 413 Parmensis
455 352 618 430 UgoIeti,
641 350 678 412 de
702 372 762 428 qua
785 371 875 429 supra
899 346 981 434 (pag.
1001 353 1085 413 XIV

224 442 478 528 sqq.),eopiosius
502 451 637 511 disserui.
664 516 666 520 Α

225 547 367 623 Repetite
401 551 447 608 est
477 549 560 608 1509
590 548 713 608 Parisiis
741 548 822 624 apud
850 549 898 608 Jo.
921 548 1077 607 Parvum

239 645 321 704 Petit
339 692 345 705 .
764 687 765 691 ,

116 745 199 802 1563
224 635 396 803 l'arislina
418 742 588 819 11110111,
616 743 698 820 typis
721 743 791 803 Frd.
814 744 932 803 Morelli
957 758 1077 819 excusa,

224 841 289 900 sola
320 840 491 900 Parmensis
521 832 568 920 (et
589 841 743 900 Parisinae
771 841 853 900 illius
877 833 982 920 Parvi)
1010 858 1077 923 ope,

224 939 276 998 sed
295 956 413 997 summa
428 955 499 996 eum
519 937 684 1013 sagacitate
698 937 862 997 constituta
880 956 899 996 a
916 937 982 997 viro
1000 936 1076 997 iuris

222 1036 406 1113 peritissimo
442 1038 486 1110 et,
524 1052 703 1110 quamquam
739 1053 850 1110 paueos
881 1037 951 1109 post
982 1052 1077 1094 annos

225 1133 385 1191 obscurata
408 1135 464 1191 est
487 1131 566 1190 edito
588 1151 643 1208 per
664 1132 824 1191 Pithoeum
847 1131 947 1191 codiee
970 1131 1010 1208 A,
1037 1149 1077 1190 ne

224 1230 313 1289 hodie
347 1228 467 1306 quidem
493 1229 617 1289 inutilis.
664 1228 722 1299 Qui
754 1248 821 1288 oum
850 1229 1008 1289 Parmensi
1030 1229 1076 1287 in·

225 1327 360 1388 stituerit
387 1326 638 1403 comparationbm
660 1327 710 1386 vel
732 1327 814 1386 loeus
836 1323 1001 1385 attenderit
1024 1344 1077 1385 eos

223 1426 275 1501 qui
302 1425 369 1501 pari
396 1424 428 1483 in
456 1424 606 1485 eodioeA
634 1427 726 1500 atque
753 1414 786 1482 in
812 1422 942 1483 editione
964 1422 989 1480 P
1013 1441 1077 1482 001-

223 1524 343 1599 ruptela
370 1521 522 1598 laborant,
548 1541 610 1582 non
631 1522 715 1581 tenui
738 1521 828 1580 laude
851 1521 975 1597 dignum
999 1539 1076 1595 opus

224 1619 311 1679 facile
334 1619 536 1694 profitebitur.
581 1610 633 1700 (ef.
651 1610 751 1699 V**).

223 1716 363 1793 Repetita
384 1717 457 1776 haee
481 1717 571 1778 editio
595 1719 642 1777 ast
665 1716 870 1776 Mediolani
894 1718 989 1776 1619.

117 1816 203 1874 1580
225 1813 567 1892 ParisinaPithoei,
597 1814 677 1890 apud
701 1815 838 1873 11111111.
867 1813 1006 1872 Patisson
1025 1832 1076 1872 ex·

225 1929 309 1986 cusa,
332 1929 408 1986 quae
432 1910 496 1969 sola
518 1914 639 1987 praeter
661 1910 854 1970 Parmensem
877 1910 986 1969 nititur
1003 1910 1076 1969 libri

224 2007 421 2083 manuscripti
443 2007 501 2066 fide
526 2011 557 2068 11
574 2009 628 2067 illa
646 2007 767 2084 quidem
785 2007 891 2081 optimi
909 2006 1017 2066 eodieis
1037 2007 1075 2083 A,

223 2105 485 2181 Montepessulani.
529 2105 630 2165 Habet
658 2108 689 2164 et
720 2103 843 2163 habebit
871 2104 985 2179 aliquid
1012 2123 1075 2164 mo-

224 2204 325 2278 menti,
348 2222 415 2262 eum
439 2205 518 2278 quod
541 2202 772 2280 diligentissime
796 2204 897 2260 seouta
920 2204 968 2261 est
985 2202 1075 2261 vetus

123 2343 125 2347 -
224 2302 391 2375 exemplum
409 2302 476 2358 tum
499 2299 687 2375 quodetiam
708 2299 836 2375 primam
854 2299 939 2356 illam
965 2298 1075 2358 eodiois

224 2397 366 2473 paginam
386 2397 584 2472 transcripsit,
604 2396 688 2457 euius
711 2396 799 2456 hodie
815 2415 858 2456 ne
877 2414 937 2454 una
955 2395 1077 2472 quidem

224 2497 313 2555 litera
345 2495 479 2572 dignosci
509 2497 617 2570 potest.
628 2487 660 2575 ²¹²)
707 2493 855 2571 Adiungit
879 2481 1076 2553 'declamatio-

223 2593 312 2653 nibus
336 2591 491 2668 Calpurnii
514 2592 613 2652 Flaoei
637 2593 676 2652 51
703 2594 844 2667 excerpta
867 2593 898 2650 ot
921 2591 1076 2667 dialogum

223 2693 260 2750 de
298 2689 476 2750 oratoribus.
522 2689 660 2749 Summae
692 2690 808 2764 aliquot
840 2689 968 2764 paginae
995 2689 1076 2748 notis

226 2791 321 2865 datae,
342 2788 451 2865 quibus
465 2791 518 2847 aut
531 2785 758 2863 perscribuntur
777 2785 885 2845 oodieis
903 2786 1005 2863 verba,
1023 2786 1077 2845 ubi

228 2887 299 2963 quid
326 2905 418 2964 supra
447 2886 612 2946 0011101111
640 2887 687 2942 111
715 2883 753 2942 ab
780 2882 907 2959 editore,
934 2885 988 2941 aut
1015 2902 1076 2942 ser-

224 2985 302 3044 vatis
330 2983 374 3043 ita
401 2984 436 3042 ut
462 2980 576 3042 tradita
597 2980 629 3039 in
656 2981 684 3039 A
708 2982 778 3039 sunt
800 2980 901 3040 verbis
925 2979 1078 3040 adduntur

225 3080 421 3139 coniecturae.
452 3079 637 3156 Diligentiae
654 3078 778 3138 editoris
793 3078 885 3136 etiam
898 3077 972 3137 haeo
986 3097 1076 3154 argu-

224 3181 335 3237 menta.
372 3176 430 3236 Sed
451 3180 553 3236 tamen
572 3175 762 3235 desideratur
780 3194 816 3234 11
835 3175 996 3251 subtilitas,
1016 3194 1076 3251 qua

226 3275 277 3350 qui
303 3274 391 3334 hodie
420 3273 541 3334 editoris
569 3292 692 3333 munere
714 3273 851 3350 fungitur
873 3272 919 3333 uti
941 3275 999 3348 par'
1020 3277 1075 3334 est.

113 3378 326 3388 ....--—--—-—

186 3410 212 3479 *)
232 3409 330 3477 Itaque
349 3424 421 3475 quae
441 3424 473 3489 ex
486 3408 663 3462 Pithoenana
681 3408 817 3488 depromo
828 3407 939 3488 primae
953 3407 1077 3477 paginae

114 3478 334 3548 1111111011,
354 3478 404 3533 sed
422 3479 455 3532 Pr
474 3478 554 3549 signo
572 3478 603 3533 in
622 3480 760 3548 apparatu
779 3479 878 3533 orrtreo
897 3477 1003 3533 notavi.
