2392 3862
101 209 166 276 302
466 207 694 276 QUINTILIANI
732 175 735 181 ’

100 372 191 440 erat?
228 375 266 436 ut
289 371 494 437 occideretur.
531 371 609 454 quid
631 371 768 436 interest
789 371 852 437 hoo
876 392 940 456 qua
966 371 1070 458 lege?

100 460 178 546 quid
200 460 346 544 interest,
367 481 430 543 quo
454 479 571 544 genere
594 458 728 524 iudicii?
762 459 833 525 fieri
855 481 923 526 non
944 464 1069 546 potest,

99 555 138 616 ut
160 549 213 612 hic
236 548 343 633 capito
364 548 569 633 periclitatus
594 548 647 632 sit,
673 553 705 613 et
727 551 764 613 tu
786 569 852 615 non
875 549 994 633 capitis
1013 572 1069 617 ao-

100 658 273 705 ousaverrs.

63 743 80 793 s
165 725 337 791 Praeterea
361 747 459 810 quam
481 729 634 809 putamus
654 723 754 790 fuisse
774 747 904 790 oausam
924 726 1068 793 consori-

98 816 222 882 bendae
249 815 332 900 legis
359 813 516 880 huiusce?
556 813 642 878 hanc
670 813 755 879 enim
783 836 858 880 oum
886 815 1066 881 excusseri-

97 927 180 970 mus:
204 904 386 990 apparebit,
408 903 443 967 in
465 902 563 967 istam
587 923 712 986 quoque
735 905 861 987 partem
885 904 966 969 satis
990 925 1069 971 esse

97 997 236 1060 cautum.
283 993 337 1057 »si
367 990 451 1076 quis
479 991 623 1076 capitis
648 991 897 1057 accusaverit
923 995 963 1057 et
985 1014 1066 1060 non

97 1081 353 1165 damnaverit,
372 1082 454 1165 ipse
470 1081 597 1165 eapite
610 1078 827 1165 puniatur«
851 1080 923 1165 hoo,
938 1081 1068 1168 opinor,

45 1172 147 1237 roilli
170 1169 341 1236 iustissimi
361 1169 445 1255 legis
464 1169 597 1235 huiusce
616 1170 737 1234 latores
758 1170 996 1253 spectaverunt,
1019 1192 1066 1237 ne

96 1259 169 1344 quis
196 1261 328 1343 impune
356 1260 451 1325 alteri
477 1258 657 1343 periculum
689 1256 838 1323 adferret.
892 1257 1065 1324 homicidii

95 1367 199 1433 genus
227 1351 436 1432 putaverunt,
466 1350 576 1431 petere
604 1346 756 1430 spiritum
778 1346 935 1430 hominis,
964 1368 1064 1430 quem

96 1436 198 1503 occidi
224 1457 290 1500 non
318 1439 491 1519 oporteret.
536 1439 573 1499 tu
599 1434 662 1500 hoc
684 1434 804 1502 fecisti:
833 1436 992 1501 accusasti
1015 1435 1068 1501 in·

95 1527 281 1608 nocentem3
305 1524 334 1588 si
355 1523 419 1589 tibi
441 1523 599 1589 creditum
622 1529 717 1608 esset,
741 1523 905 1608 periturus
929 1527 1001 1591 erat
1024 1525 1068 1610 is,

43 1630 193 1697 laquem
218 1611 385 1678 accusasti
417 1611 539 1677 iudices
563 1612 676 1677 eodem
699 1617 847 1699 tompore
870 1613 909 1678 do
935 1617 969 1678 te
988 1635 1066 1697 pro·

94 1701 338 1767 nuntiaverunt.
373 1721 439 1765 non
461 1703 572 1785 potest
595 1702 727 1767 omnino
750 1703 815 1768 ista
838 1700 1066 1769 circumscribi

95 1788 211 1874 religio
236 1791 268 1853 ot
290 1789 445 1855 severitas
468 1789 589 1874 iudicii,
611 1793 649 1855 ut
666 1813 733 1856 non
750 1812 891 1875 poenam
910 1791 966 1856 det
984 1813 1066 1876 pars

94 1878 259 1943 utralibet.
303 1877 368 1944 hoc
402 1879 569 1964 absoluto,
601 1880 656 1963 qui
683 1879 847 1964 periturus
873 1877 951 1963 fuit,
984 1901 1064 1946 oon·

93 1966 186 2033 tinuo
205 1967 240 2032 id
258 1988 386 2052 quoque
405 1971 614 2034 consecutum
632 1971 691 2053 est,
714 1972 751 2033 ut
768 1968 831 2033 tibi
849 1971 937 2035 esset
953 1989 1067 2052 poeria

41 2070 75 2121 2ο
94 2055 257 2141 patienda.

160 2144 227 2230 „At
249 2144 337 2211 onim
359 2145 458 2211 tertio
481 2147 610 2210 tantum
633 2144 826 2210 iniuriarum
845 2145 1005 2230 accusavi,
1029 2150 1066 2213 ot

90 2237 131 2300 tu
153 2234 205 2300 bis
229 2234 295 2298 iam
319 2233 490 2300 damnatus
510 2255 582 2299 eras
601 2231 823 2299 iniuriarum.“
859 2233 943 2310 Quid
958 2234 1064 2302 inter·

94 2325 158 2406 est,
187 2343 269 2407 quae
297 2343 349 2386 res
372 2322 485 2388 feeerit
507 2321 595 2388 istud
619 2321 736 2406 capitis
759 2322 937 2388 iudicium?
981 2345 1064 2391 nam

95 2413 128 2474 et
149 2413 186 2474 tu
210 2410 332 2475 crimen
355 2411 488 2495 grauius
511 2410 674 2494 obiecisti,
702 2410 948 2495 quampriores
972 2412 1064 2479 obio-

40 2510 74 2561 25
95 2500 215 2563 cerunt.
251 2499 301 2562 ris
325 2501 417 2582 scire,
440 2520 538 2583 quam
560 2499 622 2564 hoc
645 2520 759 2565 vorum
784 2499 850 2565 sit?
873 2523 932 2565 -ε
957 2500 1064 2567 semol

93 2585 287 2651 iniuriarum
305 2586 461 2653 damnato
480 2586 675 2673 ignoscitur:
699 2588 782 2654 illud
799 2590 904 2655 morte
923 2588 1063 2674 dignum

15 2718 20 2725 -
93 2673 229 2759 videtur,
252 2675 281 2738 si
298 2675 336 2753 is,
360 2676 485 2759 quibis
507 2675 574 2741 iam
593 2675 765 2742 damnatus
785 2682 836 2743 est
856 2677 1064 2765 iniuriam,

92 2762 254 2847 <iterum>
269 2762 357 2829 feeit.
380 2765 447 2830 iam
464 2765 528 2830 hoc
541 2765 608 2831 tale
622 2764 763 2850 videtur,
777 2767 872 2851 quate
889 2765 1061 2833 hominem

92 2852 246 2917 occidere.
269 2871 348 2937 ergo
361 2856 398 2917 tu
412 2853 446 2918 id
460 2853 620 2938 obiecisti,
634 2854 720 2940 quod
733 2854 787 2921 lex
800 2858 907 2921 morte
922 2853 1063 2941 dignum

37 2954 72 3003 30
91 2941 228 3025 putavit,
240 2940 325 3024 quod
334 2940 387 3006 lex
397 2943 501 3027 capite
513 2943 653 3009 taxavit:
668 2944 785 3027 capitis
794 2965 872 3030 ergo
883 2944 1061 3010 accusasti.

157 3029 230 3096 Hoc
258 3029 330 3095 loco
358 3030 427 3097 iure
456 3030 582 3115 depulsi
610 3030 651 3096 ad
681 3032 825 3098 convicia
852 3031 1062 3119 confugiunt.

92 3117 169 3204 „Bis
189 3123 300 3184 tamen
314 3118 506 3184 iniuriarum
521 3119 692 3186 damnatus
712 3119 793 3187 est.“
821 3121 957 3188 Poterat
975 3121 1061 3187 mihi

161 3279 178 3329 8
198 3275 342 3330 cauditum
360 3279 401 3329 Aa
419 3277 428 3345 ΙΙ
445 3281 477 3330 12
496 3293 584 3345 genus
603 3293 653 3334 om.
672 3278 765 3347 Pt13
784 3276 931 3334 occidendi
948 3293 1007 3333 non
1027 3283 1062 3348 Δ,

89 3362 146 3400 non
164 3346 309 3401 occidendi
327 3349 347 3399 Β
366 3349 376 3419 [Ι
395 3352 428 3402 16
448 3346 586 3403 conscribi
603 3350 648 3419 Bfl
665 3354 699 3403 22
719 3347 779 3404 iam
796 3365 847 3405 om.
866 3351 912 3420 ΔΙΙ
928 3354 961 3407 28
979 3347 1060 3432 <ite-

89 3434 152 3470 rum
169 3419 211 3472 ael
228 3417 364 3499 tortium>
382 3418 451 3485 Seu,
470 3418 580 3488 quibis
598 3419 657 3474 iam
675 3420 827 3475 damnatus
847 3421 905 3490 est,
922 3419 1061 3477 iniuriam

88 3485 157 3541 fecit
175 3488 232 3542 Aer
246 3489 254 3556 ΙΙ
269 3489 387 3543 obec1sti
405 3493 500 3560 Δ1130
518 3490 580 3544 tax
598 3494 621 3542 Δ
