2392 3862
447 789 752 863 PRAEFATIO.

185 1023 340 1100 Reliquiae
368 1023 481 1098 operis,
506 1026 541 1082 ut
565 1022 615 1082 vel
638 1041 674 1080 ex
696 1021 793 1082 titulis
818 1022 1004 1099 singularum
1027 1023 1076 1082 de-

118 1121 332 1181 clamationum
363 1121 435 1180 licet
465 1120 654 1196 intellegere,
687 1119 840 1196 aliquanto
867 1120 990 1179 maioris
1018 1120 1075 1179 hae

117 1219 318 1294 proferuntur.
355 1219 400 1276 Ex
424 1220 488 1277 388
512 1218 591 1276 enim
614 1235 690 1294 quae
713 1218 867 1294 integrum
886 1237 992 1294 corpus
1012 1219 1075 1277 effi-

118 1316 237 1374 ciebant
262 1334 322 1375 non
350 1316 448 1374 minus
477 1317 556 1394 243,
586 1318 617 1373 et
643 1314 714 1373 illae
742 1314 863 1391 quidem
891 1316 1073 1391 amplissime

118 1415 265 1472 tractatae
292 1415 383 1488 atquc
412 1412 651 1489 diligentissimis
680 1412 866 1471 sermonibus
894 1413 1074 1490 illustratae,

115 1502 336 1588 interierunt.*)

183 1606 461 1666 Inscribebatur
479 1607 555 1666 liber
571 1606 609 1664 ab
623 1605 667 1665 eis
682 1606 734 1682 qui
747 1607 863 1681 priores
876 1607 909 1665 in
921 1608 1074 1683 publicum

117 1705 275 1764 ediderunt
288 1705 378 1764 titulo
391 1704 568 1775 Quintiliani
582 1705 830 1763 declamationum
844 1704 994 1764 minorum
1009 1697 1074 1781 (ad-

115 1804 201 1863 iectis
222 1804 387 1862 adnomen
406 1801 537 1862 auctoris
555 1819 574 1859 a
593 1802 770 1877 quibusdam
788 1803 902 1863 verbis:
926 1821 1002 1879 quae
1021 1823 1073 1879 pu-

115 1893 248 1982 tantur),
276 1904 311 1960 ut
338 1900 596 1975 distinguerentur
624 1899 738 1959 scilicet
765 1917 784 1957 a
809 1903 849 1959 19
878 1900 1000 1958 illarum
1028 1919 1073 1960 co-

116 1999 229 2074 piosius
258 2000 458 2057 tractatarum
480 1996 571 2070 libro,
599 1997 651 2072 qui
674 1999 705 2054 et
727 1997 792 2072 ipse
814 1997 846 2054 in
869 1997 1019 2056 codicibus
1042 2000 1073 2056 et

115 2094 295 2154 editionibus
311 2094 487 2165 Quintiliani
505 2111 615 2152 nomen
627 2112 700 2169 praa
715 2112 746 2152 se
762 2093 829 2151 fert.
858 2092 915 2151 Sed
929 2093 1021 2152 variis
1036 2093 1072 2153 de

114 2193 211 2252 causis
230 2210 291 2252 non
309 2193 382 2252 satis
402 2193 491 2267 aptus
508 2191 555 2250 hic
569 2191 676 2251 titulus
691 2188 843 2266 putandus
858 2193 914 2251 est.
937 2190 1078 2250 Primum¹

114 2289 194 2349 enim
217 2291 341 2366 excepta
359 2290 487 2348 fortasse
507 2307 624 2348 summa
640 2306 701 2346 non
722 2291 793 2346 sunt
809 2288 908 2352 iustae
927 2288 1072 2347 declama-

114 2386 225 2461 tiones,
249 2387 274 2446 si
298 2386 417 2462 quidem
440 2386 496 2446 hoc
518 2404 626 2445 nomen
649 2387 696 2444 est
718 2385 937 2445 controversiae
961 2386 1073 2445 schola-

184 2571 210 2641 *t
228 2572 399 2641 Fragmenta
421 2571 631 2640 deperditarum
649 2570 888 2625 declamationum
905 2569 957 2624 illa
975 2569 1071 2625 viden-

112 2646 160 2699 tur
178 2658 252 2710 esse,
271 2658 343 2710 quae
361 2643 511 2697 laudantur
528 2659 547 2696 a
564 2640 722 2709 Lactantio,
741 2642 795 2696 div.
817 2641 882 2695 inst.
897 2641 919 2711 Ι,
933 2646 967 2694 21
986 2641 1040 2698 vol.
1057 2648 1072 2697 1

112 2732 139 2797 P:
161 2719 194 2768 52
221 2713 375 2796 Fritzsche:
389 2713 511 2836 ,optime
538 2713 626 2796 igitur
653 2711 841 2813 Quintilianus
869 2712 899 2765 in
918 2711 1071 2795 ‘Fanaticoz

113 2784 355 2920 attitulati.
373 2803 403 2908 a
418 2785 784 2924 ctttitttttttt⁵‚,tt
800 2781 1000 2921 quiaillud
1018 2788 1072 2908 tt

111 2929 160 2982 tus
178 2926 253 2981 esset
270 2925 445 2994 innocentia,
463 2926 518 2979 nisi
537 2926 649 2980 laudem
667 2926 768 2979 raritas
787 2923 946 2978 dedisset?“
976 2923 1022 3007 Vl,
1037 2931 1070 2979 23

112 2997 150 3052 ib.
169 2997 224 3052 vol.
241 3001 256 3050 2
276 3015 303 3066 p.
319 3001 354 3057 64
373 2996 606 3062 Quintilianus..
627 2997 736 3065 „homc,
756 2993 857 3063 inquit,
875 3010 966 3062 neque
985 2994 1072 3050 aheni

111 3067 286 3122 matrimonii
300 3067 444 3122 abstinens
457 3084 547 3136 neque
565 3067 608 3122 sui
622 3068 743 3122 custos.“
771 3065 866 3120 Etiam
879 3065 1071 3134 Hieronymus,

110 3137 647 3265 ttttlt¹tttt⁵tt⁰d⁰tttttt
661 3136 1072 3277 atttrttttattttt

112 3279 281 3348 Quintiliani
304 3229 500 3336 controv’ersib
520 3311 554 3320 —
574 3279 721 3350 copiosius
746 3279 780 3333 de
804 3277 847 3331 his
865 3277 949 3332 rebus
966 3279 1072 3332 tracta-

111 3354 174 3407 tum
187 3350 218 3405 in
230 3351 304 3407 libro
318 3368 380 3407 mco
395 3351 459 3421 „die
474 3352 630 3421 quintilian.
641 3349 884 3417 Declamaticnen,
898 3347 1034 3418 Freiburg
1043 3350 1073 3402 et

112 3421 261 3492 'itihingen
281 3425 378 3493 1881“,
396 3442 422 3493 p.
438 3429 489 3477 209
505 3440 566 3491 sqq.
585 3423 615 3477 et
633 3426 684 3476 253
700 3438 760 3490 sqq.

884 3506 921 3562 Q*
