2392 3862
502 205 719 262 PRAEFATIO.
1023 204 1088 260 XXI

126 370 165 415 an
188 357 316 416 eundem
344 356 473 416 codicem
501 357 613 432 duplici
636 356 720 433 signo
743 356 946 418 notaverimus
970 379 989 415 α
1012 355 1091 432 etl,

126 455 182 514 hoc
215 456 274 532 est,
310 472 349 512 an
380 474 416 512 ex
451 454 555 513 eodem
588 454 749 530 exemplari
781 453 948 529 descriptus
985 453 1090 512 haberi

126 552 222 627 possit
248 551 277 610 Α
307 553 338 610 et
364 553 441 610 liber
470 550 622 628 Campani.
667 550 710 610 At
736 551 787 611 vix
813 551 937 627 poterit,
966 553 1001 609 ut
1028 550 1090 625 opi-

126 667 194 707 nor:
228 650 287 707 nisi
318 649 397 710 forte
430 647 467 707 ad
498 648 529 706 id
557 648 757 724 confugimus,
790 649 938 724 accepisse
966 647 1090 722 Campa·

126 766 199 805 num
235 740 304 826 (vel
335 738 597 827 Piccolominium)
634 747 745 805 librum
776 765 836 806 non
872 746 1022 821 integrum
1060 747 1091 804 et

126 843 316 903 intercidisse
352 844 454 920 aliqua
486 844 557 902 dum
591 843 668 902 liber
698 862 735 903 ex
770 841 947 902 Germanica
983 842 1090 901 biblio-

127 941 216 1001 theca
251 941 433 1000 transfertur
466 941 498 998 in
530 939 701 1002 Senensem.
745 939 869 1017 integer
903 939 982 998 enim
1013 939 1090 998 liber

122 1038 155 1097 *si
182 1056 242 1096 non
268 1038 336 1112 plus
361 1039 423 1097 136
453 1029 517 1119 (vel
541 1029 621 1116 137)
651 1036 883 1098 declamationes
911 1036 1089 1110 continebat,

127 1136 162 1198 ut
185 1134 351 1210 descriptus
375 1136 416 1194 sit
438 1155 475 1195 ex
497 1158 530 1210 α,
556 1137 705 1196 recentior
728 1138 794 1195 erat
817 1153 907 1210 quarn
929 1133 971 1209 A;
1000 1138 1033 1193 at
1054 1133 1090 1192 li·

127 1236 210 1292 terae
233 1230 311 1306 sius,
334 1232 360 1291 si
383 1232 530 1292 credimus
554 1232 719 1309 Campano,
743 1235 830 1292 erant
853 1232 1088 1307 antiquissimae,

127 1331 158 1387 et
180 1329 262 1388 haud
284 1330 372 1389 facile
395 1332 602 1405 persuaserim·
619 1331 694 1389 mihi
716 1331 795 1388 hunc
813 1330 921 1406 virum,
946 1328 996 1405 qui
1015 1328 1090 1386 mul-

127 1430 191 1503 tus,
215 1430 250 1485 ut
273 1428 419 1503 epistolae
442 1428 507 1487 eius
530 1429 646 1502 docent,
673 1431 738 1488 erat
751 1428 783 1486 in
801 1427 886 1486 libris
905 1446 996 1485 manu
1016 1426 1087 1486 scri·

130 1523 191 1598 ptis
220 1524 391 1585 evolvendis
419 1527 451 1584 et
478 1525 660 1586 excutiendis
688 1528 719 1584 et
747 1506 864 1584 sumina
890 1524 979 1583 laude
1009 1523 1089 1599 apud

128 1622 268 1697 aequales
301 1621 439 1696 florebat,
474 1623 547 1682 adeo
577 1621 712 1698 potuisse
739 1622 820 1697 falli,
850 1625 886 1682 ut
907 1615 944 1680 Xi
966 1621 1015 1682 vel
1037 1613 1091 1679 XIi

131 1712 217 1778 saec.i
239 1737 362 1777 manum
384 1718 533 1779 iudicaret
560 1720 726 1779 Romanam
754 1723 785 1778 et
811 1738 907 1796 paene
934 1720 1090 1794 aequalem

126 1815 185 1892 ipsi
210 1814 402 1885 Quintiliano.
444 1816 539 1875 Plena
567 1817 662 1892 igitur
688 1817 745 1876 hac
772 1817 879 1877 tabula
902 1835 1017 1894 omnes,
1054 1817 1091 1874 de

127 1914 236 1988 quibus
269 1913 380 1972 certius
412 1913 527 1990 aliquid
561 1915 630 1974 sciri
661 1917 775 1992 potest,
812 1915 927 1975 codices
960 1932 1090 1991 compre-

475 2098 490 2154 I

484 2183 488 2242 l

419 2263 544 2389 Γβ

416 2469 444 2526 Α
498 2471 572 2547 Agr.
598 2470 699 2621 Oa'mp.
723 2471 780 2549 Ug.

576 2636 704 2744 OQB
729 2689 784 2747 etc.

194 2866 299 2928 Plures
323 2869 402 2928 inter
424 2869 440 2928 Ι
464 2871 495 2928 et
517 2892 537 2928 α
559 2874 650 2948 atque
668 2872 689 2950 β
706 2872 897 2950 interponere
920 2875 1031 2949 literae,
1053 2879 1089 2934 ut

126 2965 247 3048 longius
266 2966 347 3026 absit
370 2968 576 3045 archetypum,
593 2969 670 3027 nihil
683 2969 801 3031 attinet.
814 3003 856 3012 -
872 2971 930 3042 Qui
944 2971 1090 3048 Campani

126 3067 157 3122 et
180 3063 304 3141 Ugoleti
326 3064 419 3123 libros
443 3065 627 3142 discernunt,
649 3067 738 3127 facile
759 3069 858 3142 illam,
883 3089 972 3146 quam
996 3089 1089 3145 supra

125 3161 168 3220 eis
205 3161 331 3237 adposui
360 3161 509 3237 tabulam,
540 3163 664 3223 adiectis
698 3165 728 3243 Ι,
751 3189 783 3244 α,
805 3167 834 3225 A
867 3160 914 3246 (et
940 3162 974 3246 β)
1007 3168 1087 3228 notis

124 3258 316 3334 supplebunt

186 3373 381 3435 Editiones
409 3377 556 3450 priores
581 3380 727 3452 quantum
749 3379 882 3454 reperire
904 3382 1002 3459 potui,
1030 3382 1086 3440 hae

123 3472 212 3531 sunt:
