2392 3862
343 203 661 262 DECLAMATIONES.
680 203 830 261 CCCXXV.
1006 201 1072 269 279

115 366 248 433 inveniri
272 370 393 435 veritas
416 368 531 452 possit.
582 367 628 432 sio
656 387 734 452 ergo
756 365 1000 451 praeparandus
1023 367 1075 430 ast

114 457 239 522 animus
276 458 432 541 iudicum,
468 459 507 521 ut
537 457 638 521 etiam
668 455 843 520 levioribus
872 454 1073 540 argumentis

114 548 309 612 commoveri
328 546 443 630 possit.
475 543 618 609 Difficile
638 546 688 609 est
707 543 835 628 quidem
853 547 979 628 natura,
996 565 1073 628 pro-

114 632 190 699 bare
208 636 346 700 tacitum
365 634 442 698 fidei
461 633 682 699 commissum:
701 632 861 716 quomodo
875 635 986 698 tamen
998 654 1073 716 pro·

113 722 250 789 bamus?
291 723 464 808 quaedam,
490 722 620 787 etiamsi
646 743 705 806 per
728 743 762 785 se
785 721 878 785 firma
900 742 966 786 non
989 724 1110 805 sunto

114 813 356 894 comparatione
384 813 525 876 vineunt
569 811 731 875 hereditas
755 813 812 875 aut
835 808 877 874 ad
899 830 1075 893 pauperem

114 901 255 981 pertinet
284 904 340 966 aut
368 900 408 966 ad
431 921 564 966 uxorem
587 900 752 984 pauperis:
786 899 813 963 si
837 897 877 962 ad
900 919 1076 981 pauperem

113 1007 181 1051 non
208 990 361 1073 pertinet,
387 990 427 1054 ad
454 1011 588 1054 uxorem
615 989 765 1072 pertinet.
811 987 954 1072 elogium
970 984 1077 1069 'serip-

115 1077 259 1140 tumt
210 1081 259 1142 est
280 1079 390 1162 palam
414 1081 500 1144 oerte
525 1080 558 1142 et
584 1077 765 1141 manifeste.
802 1077 926 1141 electus
949 1074 1003 1139 hia
1027 1076 1077 1139 est

114 1165 196 1229 adt
182 1167 354 1232 transitum
384 1166 549 1232 hereditat
499 1166 587 1232 ttia
632 1166 728 1230 huius
751 1165 917 1230 silentium
941 1166 974 1228 et
995 1163 1076 1228 fides
1096 1180 1131 1230 10

113 1257 164 1318 est
195 1256 305 1340 utique
338 1257 377 1321 de
407 1258 504 1321 restit
462 1255 610 1320 tituenda
636 1254 762 1319 heredit
747 1257 825 1319 t.ate
872 1274 950 1338 ergo
980 1250 1077 1318 debet

115 1343 288 1408 restituere
307 1345 416 1429 alieui3
436 1344 465 1408 si
483 1365 549 1409 non
567 1343 651 1428 huie,
671 1344 748 1408 stat
738 1365 783 1408 rm
802 1343 983 1427 interrogo.
1002 1335 1076 1404 oui?

180 1429 314 1496 Habent
343 1432 406 1497 hoo
428 1431 625 1498 incommodi
648 1431 886 1498 controversiae
907 1427 1076 1495 scholasti·

114 1538 185 1602 oae,
214 1520 301 1604 quod
325 1521 516 1605 quibusdam
540 1521 732 1606 respondere
755 1543 821 1586 non
843 1521 993 1622 possunt3
1024 1517 1079 1584 sed

114 1608 272 1690 quaedam
295 1609 500 1675 incommoda
517 1610 613 1674 huius
643 1610 772 1694 generis
796 1609 928 1674 etiam
918 1632 952 1673 ιιι
970 1608 1077 1674 forum
1096 1624 1130 1674 15

113 1695 288 1780 aliquando
307 1698 518 1765 descendunt:
537 1703 570 1765 et
588 1698 661 1764 ideo
681 1698 928 1764 difficultatibus
948 1716 1076 1781 quoque

111 1788 269 1851 utendum
293 1792 351 1853 est.

428 1907 762 1975 DECLAMATIO.

180 2032 271 2115 Ergo
293 2033 355 2097 tibi
377 2055 444 2097 non
467 2033 563 2098 debet
548 2036 611 2097 tur
658 2034 818 2116 superest,
845 2033 883 2095 ut
906 2030 1003 2095 alicui
1025 2031 1078 2097 de·

113 2121 238 2184 beatur
264 2119 381 2205 „non“,
404 2120 497 2203 diois,
527 2122 755 2204 ,superest,u
734 2118 869 2183 uthuie
893 2117 1078 2187 debeatur‘t
1096 2136 1132 2187 ιο

114 2206 231 2272 fideit
217 2212 293 2273 tuae
322 2209 496 2273 commissa
517 2207 682 2272 hereditas
706 2211 765 2271 est
811 2228 908 2290 quam
932 2209 1079 2273 commit·

114 2296 203 2361 tendi
226 2318 359 2362 oausam
382 2297 559 2381 putamus?
590 2317 721 2362 neeesse
746 2298 796 2361 est
818 2296 980 2362 infirmam
1010 2319 1079 2362 esse

112 2406 296 2470 personam,
320 2387 371 2450 aui
394 2386 524 2450 restitui
548 2389 685 2470 oportet.
719 2407 792 2451 eum
815 2384 976 2450 infirmam
998 2384 1078 2471 dieo,

113 2476 207 2556 [non]
237 2475 350 2539 statim
373 2475 584 2540 infirmiorem
609 2474 696 2553 dieo,
720 2495 817 2559 quam
840 2477 887 2538 te:
910 2475 1005 2554 †non
1028 2478 1080 2540 est

112 2563 315 2642 vitavimus†
329 2585 387 2648 per
396 2567 428 2629 te
444 2565 549 2648 ipsam
558 2563 708 2629 fortunae
721 2562 983 2629 inbecillitatem:
997 2585 1076 2650 pau·
1097 2579 1131 2630 ιι

111 2674 222 2735 parem
236 2652 315 2718 feeit
333 2653 493 2719 heredem.
517 2672 595 2737 ergo
610 2655 739 2737 oportet
747 2652 1079 2737 inveniripersonam,

114 2761 195 2823 quae
227 2742 332 2825 possit
363 2763 435 2808 esse
466 2741 525 2806 sub
558 2741 664 2805 tutela
691 2744 761 2824 tua,
794 2741 846 2806 eui
875 2741 981 2806 minus
1005 2745 1077 2806 tuto

112 2828 282 2894 relicturus
305 2831 404 2896 fuerit
427 2829 650 2914 hereditatem,
675 2850 772 2913 quam
789 2830 861 2895 tibi.
892 2851 970 2916 argo
991 2831 1079 2894 infir·

185 3025 201 3074 3
219 3020 328 3090 possint
346 3026 385 3074 Ab
404 3023 415 3090 11
434 3021 549 3091 quidam
568 3024 646 3092 ΔΙΙ4
665 3020 721 3076 cita
704 3022 782 3076 atum
800 3021 886 3130 ⁸¹¹⁸„
896 3019 1040 3090 eulogmm
1058 3024 1079 3072 Β
1169 3085 1173 3091 ἡ

113 3131 169 3178 -Β
189 3128 199 3196 ΙΙ
221 3133 256 3182 10
274 3126 357 3183 huius
375 3144 425 3185 om
445 3131 496 3199 ΒΙΙ
517 3133 548 3181 11
573 3127 683 3198 utique]
703 3105 814 3196 uan,
837 3102 887 3196 inq
905 3127 948 3195 ΒΙΙ
967 3130 1000 3180 13
1020 3142 1080 3181 ser)-

111 3198 272 3253 lastioaet
294 3201 304 3269 [Ι
328 3204 362 3253 14
380 3198 499 3255 *atu
525 3201 534 3270 ΙΙ
562 3204 595 3254 15
614 3198 676 3254 foro
694 3202 758 3265 AB,
783 3214 852 3254 corr.
874 3197 947 3266 Gru
974 3202 1007 3252 19
1026 3195 1082 3252 tibi

90 3284 164 3326 .om.
183 3275 224 3323 Διι
237 3271 247 3340 ΙΙ
261 3275 294 3324 21
315 3273 359 3326 eat
377 3270 518 3326 hereditas
537 3271 651 3341 Bflqua
668 3274 692 3322 A
705 3270 714 3338 ΙΙ
729 3275 764 3324 24
783 3269 863 3341 [non]
885 3268 926 3323 Gr
944 3269 953 3336 ΙΙ
973 3273 1079 3323 24-Βὸ

112 3356 170 3395 non
187 3343 232 3396 est
248 3340 457 3411 vitavimush,
485 3358 541 3396 non
560 3339 780 3405 evitavimus&
808 3338 959 3394 nonenim
978 3337 1082 3394 vitavit

114 3407 171 3478 Gr,
195 3428 282 3481 quam
309 3414 352 3482 te,
375 3385 490 3487 (quae)
507 3427 565 3468 non
587 3410 739 3468 evitaverit
756 3410 811 3465 nisi
828 3427 880 3481 per
897 3412 926 3466 te
944 3415 992 3467 eto
1012 3409 1081 3480 Rei

114 3485 148 3535 26
167 3496 220 3553 ego
239 3484 419 3554 ΒΙΙρθιιοιιι
437 3487 458 3538 Β
