2392 3862
325 205 643 264 DECLAMATIONES.
661 206 855 263 cccxxxm.
1009 207 1072 272 311

113 393 186 438 raro
205 371 297 437 valde
316 368 536 436 intervenient
554 370 802 455 controversiae,
824 370 993 456 inquibus
1012 370 1076 437 hoc

113 464 299 547 quaeratur,
333 482 375 524 an
403 459 445 540 is,
480 456 535 541 qui
562 457 685 542 ingrati
712 479 787 522 reus
817 463 880 545 est,
913 460 1076 544 acceperit

112 550 314 616 beneficium.
350 549 524 631 pleraeque
548 542 649 632 (sicut
665 544 761 633 haec)
780 546 949 613 devertunt
967 570 1014 632 eo,
1037 553 1075 614 ut

113 638 321 723 quaestiones
349 636 508 718 habeant,
541 656 583 699 an
617 634 761 719 quisquis
791 637 949 721 acceperit
976 638 1074 703 bene-

111 727 221 793 ficium
245 729 278 790 et
300 745 367 789 non
389 722 577 806 reddiderit,
604 722 754 810 ingratus
779 722 845 789 sit‘?
890 746 933 790 an
955 726 1074 811 omnia,
1093 741 1110 791 5

112 834 333 898 quaecumque
362 808 590 898 exigebantur,
620 816 788 896 praestare
819 812 987 878 debuerit?
1032 837 1074 879 an

136 901 280 967 otuerit?

112 925 134 986 P
181 990 317 1056 Gulosos
345 990 523 1075 figurarum
552 987 648 1054 ducet
675 989 756 1056 baec
785 989 924 1075 species,
956 993 993 1055 ut
1020 989 1075 1056 hic

112 1101 236 1165 pauper
262 1080 406 1165 imputet·
429 1079 537 1161 diviti,
566 1080 732 1161 tamquam
754 1079 998 1163 praevaricatus
1023 1079 1075 1144 sit.

112 1168 145 1232 id
173 1171 283 1233 autem
311 1168 340 1232 si
366 1165 590 1233 intellexerint
612 1165 749 1251 iudices,
780 1169 832 1233 vel
855 1172 990 1252 propter
1011 1166 1075 1233 hoc
1095 1184 1128 1233 ιο

111 1257 205 1321 illum
248 1256 465 1338 damnabunt,
506 1253 592 1339 quod
632 1256 875 1338 praevaricatus
918 1257 974 1341 sit,
1022 1256 1075 1322 vel

111 1348 246 1429 propter
273 1344 352 1427 hoc,
386 1342 472 1428 quod
494 1342 592 1408 hodie
615 1347 716 1428 certe,
748 1345 804 1409 ubi
826 1347 984 1429 patronus
1007 1367 1076 1410 non

113 1437 261 1517 optatur,
291 1435 422 1497 accusat
443 1432 550 1517 illum,
573 1452 669 1517 quem
692 1433 763 1497 vult
785 1433 888 1499 videri
910 1435 1075 1518 praevari-

113 1521 241 1586 catione
264 1520 443 1587 dimissum.
481 1540 569 1606 ergo,
592 1520 681 1605 quod
704 1521 745 1586 ad
768 1544 877 1588 meum
900 1523 1073 1589 consilium

112 1609 263 1762 pertirlret,
285 1609 338 1674 hio
362 1609 483 1675 invitus
508 1610 588 1695 egit:
611 1632 650 1674 ea
673 1633 755 1697 quae
779 1611 914 1678 dicenda
936 1612 1126 1697 accepit,15

109 1701 204 1782 pertu
220 1698 253 1765 it.

421 1838 759 1906 DECLAMATIO.

178 1962 241 2028 Est
262 1963 427 2048 videlicet,
454 1963 591 2047 iudices,
617 1963 679 2028 hoc
703 1984 830 2047 quoque
852 1964 888 2027 in
910 1966 1074 2046 potestate

111 2051 280 2135 fortunae,
318 2054 355 2115 ut
384 2053 419 2115 in
449 2051 650 2115 contrarium
677 2050 766 2115 bona
795 2051 867 2135 ipsa
898 2055 1074 2116 convertat

112 2140 290 2203 maximum
318 2160 370 2202 me
398 2160 417 2202 a
445 2138 545 2203 divite
569 2139 731 2222 accepisse
753 2138 958 2224 beneficium,
989 2139 1076 2224 quod
1093 2156 1129 2207 20

112 2227 195 2292 mihi
214 2248 435 2293 consummare
455 2224 563 2292 studia
581 2227 770 2312 contigerat,
793 2227 866 2313 quis
884 2227 1076 2312 negaverit?

111 2338 188 2380 cum
220 2316 352 2380 interim
384 2315 599 2381 maximorum
630 2315 711 2380 mihi
747 2317 906 2382 malorum
943 2338 1075 2382 causam

112 2405 175 2471 hoc
198 2405 305 2490 ipsum
330 2405 449 2487 attulit,
474 2403 559 2488 quod
582 2404 715 2470 videbar
739 2405 887 2471 disertus.
933 2405 1013 2470 adeo
1036 2408 1074 2470 ut

111 2494 139 2558 si
171 2494 253 2558 mihi
287 2515 401 2558 exuere
432 2494 517 2558 hano
546 2497 672 2579 partem
701 2494 922 2578 persuasionis
953 2495 1073 2577 liceret,

111 2587 282 2668 amputare
311 2604 423 2647 vocem
450 2586 485 2646 et
514 2583 605 2648 velut
636 2605 766 2648 omnem
792 2606 887 2649 usum
917 2583 1073 2670 loquendi
1091 2599 1126 2649 2⁶

112 2670 291 2755 perdidisse
324 2670 510 2755 maluerim,
549 2694 646 2756 quam
679 2693 754 2737 curn
784 2672 916 2738 homine
948 2672 988 2737 de
1021 2694 1072 2737 me

115 2760 238 2844 optime
261 2760 377 2824 merito
406 2760 471 2825 iam
494 2759 547 2824 bis
571 2760 791 2825 consisterem.
827 2764 861 2826 et
881 2761 1000 2847 prioris
1023 2763 1072 2825 ta·

115 2869 190 2911 men
213 2848 321 2912 iudicii
345 2848 519 2913 manifesta
542 2848 707 2913 excusatio
731 2852 815 2914 crat:
838 2850 946 2915 iussus
965 2850 1073 2934 loque

112 2935 185 3001 bar:
216 2935 313 3002 hodie
342 2958 437 3020 quem
464 2936 596 3002 modum
618 2940 748 3003 teneam
770 2938 922 3023 actionis,
955 2937 1072 3021 quibus

184 3129 273 3183 3hoc
292 3129 354 3183 dev.
373 3130 417 3198 Al
436 3133 452 3181 8
471 3126 585 3197 gulosus
602 3122 755 3198 figurarum
774 3128 858 3184 ducet
875 3129 946 3183 haec
965 3146 978 3180 s
1000 3126 1073 3183 ecies

109 3203 169 3269 AB,
188 3200 303 3270 gulosus
321 3199 474 3269 figurarum
492 3198 577 3254 ducet
593 3198 645 3254 has
665 3199 773 3270 species
792 3199 868 3267 cdd.;
886 3213 954 3255 corr.
994 3198 1072 3265 cess.

109 3274 179 3338 292,
198 3274 216 3325 5
238 3271 247 3341 11
272 3274 304 3325 10
325 3275 347 3344 q
366 3273 390 3323 A
412 3269 422 3340 1
447 3274 559 3323 11-12
577 3269 660 3324 illum
678 3271 704 3324 d.
724 3287 750 3338 q.
769 3287 796 3339 p.
817 3287 838 3323 s.
858 3287 884 3323 v.
898 3287 930 3351 p.
949 3268 1004 3323 hoc
1022 3284 1072 3324 orn,

110 3344 134 3394 A
151 3343 162 3411 1
184 3347 219 3396 20
236 3358 317 3395 meae
335 3342 412 3396 vitae
431 3344 451 3393 B
474 3341 484 3408 11
506 3345 540 3394 21
562 3348 594 3395 Ν
614 3344 638 3394 A
659 3342 669 3411 1
688 3341 754 3465 quis
772 3343 920 3411 negarent
942 3338 1005 3409 quis
1023 3354 1072 3395 ue·

111 3413 222 3481 gaverit
239 3413 331 3482 Bl22
350 3412 424 3466 inter
442 3415 466 3465 A
484 3416 509 3465 et
526 3411 586 3467 edd.
605 3414 615 3483 1
634 3418 668 3466 23
708 3413 814 3465 esertus
832 3412 895 3481 Aul
913 3416 948 3466 26
966 3409 1073 3467 malus·

111 3499 172 3536 ram
190 3484 281 3553 3127
301 3481 509 3554 consistere[m]
529 3480 641 3554 θν128
659 3482 828 3550 loquebatur
845 3486 865 3535 B
