2392 3862
336 234 654 292 DECLAMATIONES.
673 234 839 293 cccxxlss‘.
1010 235 1074 301 271

22 481 25 485 .
113 399 263 486 religioni
297 399 469 465 admovere
502 420 599 464 ausus
634 401 695 482 est,
723 399 884 466 intellexit
916 401 980 466 sibi
1011 421 1077 466 non

113 489 329 554 cerebellum
351 489 531 553 nobiseum.
571 486 711 553 libenter
735 487 840 573 audio,
862 511 944 574 quae
968 511 1007 554 ex
1031 489 1076 555 di·

113 600 208 643 versa
230 581 325 663 parte
348 576 512 642 dicuntur:
539 595 674 660 aegrum
698 576 882 661 exereitum,
904 579 1076 663 praecipiti

112 670 217 732 morte
249 669 459 749 consumptas
493 665 612 749 copias.
665 665 742 749 quis
774 665 860 730 enim
890 687 957 732 non
988 667 1077 732 videt

113 755 225 819 omnia
251 755 318 820 ista
335 754 437 819 tacta
463 775 546 836 esse,
578 757 616 818 ut
642 775 754 819 rursus
781 754 944 838 templum
968 754 1111 820 essetis

112 844 160 908 ita
182 844 271 908 illius
295 864 422 927 quoque
445 841 600 908 concitati
623 840 676 928 (ut
699 841 896 928 audi<s>tis)
915 865 952 908 ac
975 846 1075 908 teme·

112 932 191 996 rarii
213 932 338 1019 iuvenis
361 935 468 997 motus
493 935 542 996 est
566 931 703 1005 animus.
750 931 835 997 vidit
857 953 924 997 non
946 930 1076 996 aliunde

111 1020 288 1105 petendum
321 1041 419 1104 esse,
434 1043 532 1106 quam
560 1042 580 1084 a
607 1020 665 1095 dis,
684 1020 927 1104 inmortalibus,
956 1021 1077 1105 praesi-

113 1109 212 1174 dium.
243 1104 428 1186 'oraculum'
452 1107 615 1212 poposcit:
649 1130 731 1193 quae
758 1108 813 1174 hic
841 1110 936 1192 culpa
962 1111 1077 1174 nostra

112 1198 185 1261 est‘?
208 1199 341 1282 accepit.
364 1198 515 1268 videlicet
538 1196 584 1283 dii
600 1197 791 1262 inmortales
811 1200 848 1263 ut
866 1197 1076 1283 peccantibus
1098 1212 1130 1262 10

112 1306 260 1372 graves,
275 1287 323 1353 ita
356 1284 635 1355 satisfacientibus
666 1284 789 1363 faciles.
836 1285 864 1350 si
895 1287 1077 1369 noluissent

111 1373 291 1440 remedium
318 1374 369 1439 illi
395 1374 602 1458 pestilentiae
630 1373 818 1459 concedere,
845 1397 912 1439 non
934 1375 1077 1441 indicare

111 1465 301 1547 potuerunt,
331 1463 464 1541 restitui
480 1460 609 1533 iussere
632 1463 770 1549 templa.¹
797 1464 922 1550 gratias
946 1463 1076 1547 publice

112 1551 329 1634 privatimqae
349 1550 498 1637 agamus:
517 1551 664 1617 dedicare
683 1551 748 1637 ipsi
765 1574 831 1617 non
848 1553 1075 1636 permiserunt.

114 1640 254 1704 divisum
281 1641 501 1725 partitumque
528 1663 684 1724 responso
709 1644 767 1726 est,
791 1642 867 1726 quid
890 1641 1076 1707 Alexander
1096 1655 1128 1703 15

111 1728 218 1793 facere
246 1728 391 1808 deberet,
425 1729 502 1814 quid
529 1733 597 1795 nos.
643 1730 700 1794 ille
724 1731 809 1815 quod
833 1730 959 1814 debuit,
985 1730 1076 1795 fecit:

112 1817 271 1901 templum
295 1819 472 1904 speciosius
496 1833 593 1902 quam
616 1818 723 1883 fuerat
746 1823 779 1884 et
797 1819 915 1883 cultius
934 1819 1078 1883 extruxit

115 1906 222 1971 animo
250 1908 339 1990 regis
366 1907 596 1991 periclitantis:
613 1910 735 1989 'partes'
765 1909 955 1991 supererant
977 1926 1076 1972 meae.

114 2015 231 2060 excuso
254 2016 306 2059 me
329 1995 439 2077 vobis,
468 1994 513 2058 dii
536 1995 741 2079 inmortales,
764 1993 849 2080 quod
872 2014 939 2058 non
963 1993 1076 2059 statim

112 2081 153 2145 ad
179 2081 402 2148 condicionem
426 2081 638 2147 dedicationis
662 2084 792 2147 accessi.
838 2080 900 2146 hoc
923 2083 1008 2146 enim
1037 2102 1076 2146 ex
1095 2095 1129 2145 20

111 2191 270 2255 responso
302 2172 334 2235 et
357 2170 545 2237 Alexandro
573 2171 653 2237 satis
682 2174 766 2255 erat,
798 2170 884 2255 quod
911 2170 1076 2254 permitte-

113 2259 235 2340 ba[n]t.
291 2279 350 2344 ego
378 2258 589 2335 nihilominus
618 2279 739 2344 magna
770 2258 915 2325 mercede
949 2260 1077 2342 suscepi

113 2347 177 2413 hoc
200 2346 358 2413 officium:
381 2369 495 2434 pacem
515 2349 658 2432 poposci.
678 2348 867 2432 impetravi.
899 2348 1002 2413 veluti
1020 2370 1075 2414 ore

113 2437 217 2521 ipsius
241 2436 293 2503 dei
317 2437 424 2502 iussus
448 2435 606 2521 promisit,
629 2437 804 2520 praestitit
840 2436 921 2503 haec
944 2440 994 2502 est
1016 2438 1075 2507 cri-

112 2527 237 2591 minum
256 2547 412 2611 meorum,
435 2525 723 2609 iudices,.summa:
748 2526 957 2610 et‘templum
976 2526 1075 2591 habo—
1094 2540 1128 2589 26

113 2637 186 2681 mus
211 2618 244 2679 et
266 2635 390 2699 pacem.
421 2614 511 2681 hosti
526 2634 628 2699 opem
651 2615 767 2683 tulisse
791 2615 888 2681 dicor.
1162 2632 1167 2641 ’

177 2701 331 2771 Nondum
350 2725 464 2770 causas
484 2702 566 2779 facti
589 2704 654 2769 mei
677 2702 785 2788 reddo,
806 2704 953 2770 nondum
974 2705 1074 2770 ratio·

110 2813 186 2857 nem
208 2791 291 2877 legis
313 2792 417 2878 ipsius
441 2792 583 2859 excutio:
607 2792 748 2876 interim,
771 2793 848 2875 quid
870 2814 929 2859 vos
948 2793 1074 2876 putatis

112 2900 207 2963 opem
225 2879 331 2945 ferre?
349 2903 452 2966 neque
474 2881 560 2945 enim
574 2879 607 2944 id
623 2881 728 2946 solum
738 2882 905 2965 quaeritur
918 2881 979 2945 hac
993 2881 1075 2966 lege,

113 2989 155 3032 an
179 2965 297 3052 aliquis
320 2968 408 3035 hosti
431 2969 601 3054 profuerit.
632 2969 736 3034 multa
760 2970 854 3055 enim,
878 2991 960 3054 quae
978 2969 1074 3033 utilia
1092 2982 1127 3032 30

113 3061 189 3123 sunt
212 3056 308 3142 hosti,
333 3061 366 3122 et
381 3058 485 3124 inviti
509 3060 542 3121 et
564 3056 773 3142 inprudentes
797 3058 945 3124 facimus.
988 3056 1074 3120 ideo·

111 3167 172 3231 que
195 3146 273 3213 hacc
300 3168 367 3212 non
390 3147 559 3230 complexa
581 3146 634 3212 lex
658 3150 721 3232 est,
745 3146 801 3213 scd
824 3147 975 3212 adversus
1000 3167 1074 3209 eum

159 3324 161 3330 ’
182 3308 198 3357 2
216 3301 333 3359 liberter
351 3306 392 3356 la
404 3305 444 3374 113
464 3303 618 3374 praecipite
629 3303 658 3356 'B
671 3304 681 3374 1
695 3310 711 3359 6
731 3302 890 3376 audi<s>tis
904 3302 947 3357 Rc
961 3302 1001 3370 18
1020 3300 1074 3356 diis

109 3377 130 3425 B
151 3374 161 3444 l
184 3379 217 3429 10
238 3382 269 3428 Ν
291 3378 314 3428 Α
335 3376 344 3444 1
366 3379 399 3430 15
418 3374 545 3430 derisum
564 3379 588 3427 Δ
600 3375 610 3445 1
623 3375 782 3446 partimque
802 3380 843 3427 Aa
856 3376 865 3445 l
880 3379 912 3428 11
933 3373 1074 3443 speciosus

110 3446 221 3515 11119
242 3444 271 3499 dl
289 3446 402 3515 111110
421 3445 496 3500 enim
516 3460 565 3500 om.
580 3449 622 3499 Aa
634 3447 644 3516 11
657 3453 690 3502 21
710 3445 940 3518 permitteba[n]t
960 3443 1072 3517 61126

111 3515 196 3570 decor
214 3520 255 3570 ιι
268 3517 278 3585 11
291 3522 325 3571 82
344 3517 399 3572 hoc
417 3520 479 3585 n,
499 3532 569 3573 corr.
587 3517 632 3573 Ro
