2392 3862
160 213 225 276 208
524 209 749 276 QUINTIHANI

160 378 278 460 potest,
300 374 364 437 nisi
387 372 473 457 quod
496 374 615 439 tacitus
634 376 762 459 probat.
793 394 854 439 nec
871 373 951 438 haec
969 373 1006 438 in
1023 376 1122 441 nobis

160 468 287 528 tantum
320 463 530 545 comparatio.
581 468 672 527 muta
705 462 861 528 animalia
892 462 921 527 si
952 462 987 526 in
1019 485 1122 529 unum

161 552 382 634 conferantur,
410 571 529 634 genera
557 554 668 615 tamen
696 552 838 616 coibunt.
884 551 1008 616 amicus
1031 552 1122 618 illius

160 641 266 723 fuisti3
292 662 365 704 cum
388 640 447 705 illo
470 636 532 703 tibi
556 640 642 705 seria
662 661 700 704 ac
717 640 794 705 ioci:
816 661 884 705 non
901 644 997 724 potes
1016 640 1122 707 videri

126 747 226 795 onon
253 729 423 813 probasse,
452 749 531 813 quac
556 749 624 793 non
649 728 819 813 ignorasti.
865 727 988 793 amicus
1011 730 1123 814 prodi-

161 819 242 882 toris
271 818 372 883 fuisti.
416 818 490 901 plus
521 819 572 881 est
598 816 675 900 hoc,
707 838 806 900 quam
829 817 858 880 si
881 817 1013 901 dixeris,
1047 833 1123 884 con·

163 908 265 971 scium
284 910 317 970 te
335 907 444 971 fuisse.
471 905 537 989 ,At
555 904 607 970 bis
623 907 729 970 tortus
745 904 965 990 pernegarit.“
993 904 1123 972 Reddes

162 997 257 1061 nobis
280 995 454 1077 rationem,
478 1016 577 1078 quare
600 994 649 1058 illi
673 993 795 1059 amicus
818 997 989 1077 tantopere
1012 993 1123 1061 fueris.

163 1084 297 1170 dignum
330 1106 382 1150 me
413 1083 543 1148 hercule
576 1083 761 1168 exemplum
793 1082 877 1166 quod
904 1081 998 1147 fieret
1025 1082 1062 1147 in
1089 1105 1124 1149 re

111 1188 143 1238 10
162 1174 361 1238 honestiore:
375 1177 421 1257 tu,
435 1194 475 1237 ne
489 1172 546 1237 ille
560 1172 700 1256 amplius
714 1174 929 1255 torqueretur,
942 1170 1124 1253 periculum

162 1263 277 1346 capitis
312 1261 442 1345 subisti,
474 1262 543 1345 ille,
575 1282 617 1325 ne
644 1265 677 1324 te
706 1260 905 1342 nominaret,
935 1258 987 1323 bis
1015 1264 1123 1326 tortus

162 1355 220 1415 est.
244 1350 300 1434 qui
321 1372 388 1415 non
409 1350 532 1414 indicat
547 1347 765 1432 <conscium>,
788 1347 961 1413 confitetur
983 1349 1125 1414 amicum

164 1439 273 1502 fuisse.
304 1439 376 1522 „bis
400 1441 507 1503 tortus
530 1436 692 1522 negavit.“
722 1437 806 1500 nihil
830 1435 934 1501 dicam
960 1436 999 1501 de
1020 1438 1124 1503 varie·

164 1529 232 1589 tate
250 1528 500 1590 tormentorum:
517 1526 662 1590 nondum
682 1529 752 1590 erat
769 1528 886 1601 tortus,
905 1525 962 1608 qui
977 1527 1126 1610 torqueri

112 1631 144 1680 ²⁵
163 1615 302 1765 sitsi}
324 1613 515 1766 dudd,
528 1613 684 1766 ‘stitit
698 1613 827 1767 titt
840 1634 956 1767 ars
974 1614 1126 1769 iiiii·

163 1790 239 1874 bus,
268 1793 304 1854 at
336 1790 429 1854 facile
464 1793 514 1854 est
543 1790 672 1874 integro
706 1723 802 1855 serisii
833 1791 989 1875 perferre,
1018 1723 1125 1876 hiram

166 1879 266 1944 semel
283 1879 435 1962 indueris,
457 1880 710 1963 persuasionem.
743 1879 816 1944 ideo
837 1901 889 1944 ars
909 1880 1042 1945 inventa
1061 1884 1126 1946 est:

164 1969 240 2033 illae
258 1972 412 2052 torquent
428 1971 606 2034 nocturnae
621 1967 848 2056 cogitationes,
867 1968 926 2032 illa·
938 1968 1126 2034 recordatio

112 2075 145 2123 20
164 2059 430 2142 praeteritorum,
457 2057 517 2122 illa
545 2058 727 2143 expectatio
758 2056 952 2122 futurorum.
991 2057 1051 2121 illa
1074 2063 1127 2124 est

166 2149 312 2231 quaestio
336 2149 462 2233 gravis,
493 2168 565 2212 cum
588 2148 722 2212 vulnera
745 2146 933 2228 caeduntur,
956 2167 1029 2210 cum
1053 2168 1126 2231 per·

166 2258 298 2302 suasum
322 2241 372 2302 est
383 2237 509 2319 anim0,
531 2236 658 2301 nullum
677 2256 747 2300 esse
765 2234 863 2299 finem
877 2238 1128 2301 tormentorum.

165 2346 231 2388 non
254 2326 355 2408 igitur
377 2327 511 2407 peracta
533 2324 680 2407 quaestio
703 2323 775 2387 fuit.

231 2411 331 2477 Ducit
367 2434 419 2476 me
451 2411 628 2494 indignitas
660 2410 717 2474 rei.
771 2432 930 2477 venenum
962 2411 1127 2494 proditori

113 2514 148 2564 25
167 2497 294 2564 dedisti.
348 2500 413 2564 uisi
447 2499 537 2562 aliud
570 2499 691 2563 crimen
724 2519 945 2583 occupassem,
976 2501 1128 2566 veneficii

166 2608 359 2652 accusarem.
392 2607 551 2651 venenum
568 2587 706 2671 paravit,
729 2587 854 2671 habuit,
878 2587 975 2653 dedit.
1012 2590 1127 2673 etpri-

166 2697 255 2739 mum
280 2675 344 2740 hoo
373 2675 525 2740 invadere
549 2675 642 2740 libet:
676 2675 759 2740 unde
782 2677 845 2742 tibi
867 2675 1049 2742 venenum?
1084 2678 1128 2744 ad

166 2785 245 2847 quos
277 2786 370 2830 casus
398 2762 547 2849 parast'?
593 2764 638 2829 sio
665 2764 746 2829 illud
773 2765 931 2850 habuisti,
957 2769 1126 2851 tamquam

164 2853 270 2938 possis
290 2854 360 2937 ipse
379 2852 531 2938 torqueri.
565 2873 633 2938 age,
657 2855 800 2919 nondum
820 2854 938 2920 invado
956 2858 1127 2940 tamquam

113 2960 147 3009 30
165 2942 377 3028 proditorem,
397 2942 530 3008 interim
549 2963 611 3028 ago
629 2946 738 3009 tecum
752 2944 965 3030 magistratus
979 2943 1127 3009 nomine:

165 3053 221 3096 eur
249 3032 284 3096 in
312 3032 491 3097 custodiam
523 3032 698 3115 inrupisti?
732 3032 849 3117 quibus
873 3030 1039 3116 suppliciis
1063 3033 1127 3098 hoc

236 3177 249 3224 1
270 3172 364 3226 tactus
382 3174 403 3223 B
427 3172 436 3240 ΙΙ
458 3170 538 3226 vobis
557 3175 577 3224 B
596 3172 605 3240 l!
628 3178 644 3226 2
663 3172 774 3226 tantum
793 3188 843 3226 om.
863 3176 904 3231 Aa
921 3171 930 3239 ΙΙ
950 3176 1020 3226 9-3
1040 3187 1126 3225 unum

166 3245 277 3298 tantum
296 3242 367 3297 conf.
386 3245 468 3312 31Ιό
487 3259 570 3310 quem
589 3246 650 3308 AB,
675 3259 743 3298 corr.
763 3242 835 3310 Rop
857 3248 872 3296 ⁷
891 3241 1007 3296 *reddis
1018 3241 1054 3312 (ἓ)
1068 3243 1078 3311 ΙΙ
1093 3246 1126 3296 12

165 3347 349 3422 (conscium)
368 3349 412 3405 Ro
430 3349 439 3419 ΙΙ
459 3353 492 3402 15
516 3315 669 3418 qairnrg
687 3350 733 3419 At}
748 3353 781 3402 15
799 3348 920 3416 poterat.
945 3346 998 3401 illa
1016 3347 1126 3417 questio

167 3422 343 3503 esset‘quam
361 3420 410 3491 qui
428 3420 532 3476 visti!
555 3420 564 3488 ss
589 3424 622 3473 18
641 3418 706 3474 iodo
725 3423 766 3471 Aa
787 3420 796 3489 ΙΙ
819 3423 854 3471 24
873 3418 943 3470 duce
961 3421 981 3470 B
1002 3420 1011 3489 ΙΙ
1031 3424 1064 3474 st
1084 3420 1128 3474 in-

164 3499 295 3557 rumprstr
312 3498 353 3544 Aa
