2392 3862
13 3485 16 3490 ,
114 3430 179 3526 ’cidi
197 3440 245 3505 Aa,
265 3437 364 3506 sgittis
384 3454 441 3493 occ.
460 3432 502 3492 Ab

374 217 693 274 DECLAMATIONES.
713 218 828 274 ccum,
1043 221 1085 286 37

126 381 270 447 deforme
302 381 455 446 habitura
483 382 597 446 civitas
626 380 702 465 fuit,
732 381 841 447 dedito
870 379 922 467 (ut
951 384 1088 449 subinde

125 470 247 555 dicitis)
271 470 488 555 tyrannicida,
509 469 541 534 id
565 491 660 534 omne
683 491 755 533 mea
771 471 943 555 rogatione
962 471 1088 538 detrac-

125 562 195 625 tum
219 561 283 644 est3
315 558 404 624 omni
427 558 550 643 pudore
579 556 709 622 liberati
732 558 826 623 estis:
859 560 999 624 invitum
1021 583 1087 626 non

126 647 387 730 de<di>disastis3
402 647 487 731 quod
498 645 607 711 advos
622 647 773 730 pertinet,
786 645 909 712 bellurn
925 649 1088 733 suscipere

124 736 298 801 maluistis.
345 735 400 799 sed
422 734 485 800 hoc
508 737 560 799 est
580 735 768 819 praecipue,
795 756 895 819 quare
918 757 979 821 ego
1002 737 1087 802 hanc
1106 754 1122 801 5

125 825 210 889 ferre
242 824 377 911 debeam
408 823 622 908 rogationem
668 843 730 910 ego
761 845 821 907 pro
851 825 983 890 civitate
1017 829 1087 890 tam

126 917 235 998 grata,
266 934 325 996 pro
352 912 474 997 populo
505 911 582 996 tali,
612 932 679 977 non
706 911 822 977 subibo
854 914 1088 998 qualecumque

125 999 327 1086 periculum?
892 1033 899 1051 ·
1090 1034 1097 1041 ·

194 1088 256 1155 Sed
278 1109 344 1154 non
367 1089 475 1154 solum
496 1088 545 1152 rei
568 1088 732 1172 publicae,
758 1109 870 1153 verum
893 1089 992 1155 etiam
1016 1112 1089 1155 mea

128 1180 276 1261 interest,
298 1177 383 1242 hanc
404 1177 506 1262 recipi
527 1177 742 1261 rogationem.
774 1199 869 1262 quem
888 1179 988 1246 vultis
1002 1181 1088 1243 enim
1108 1192 1141 1242 10

125 1268 239 1351 ponite
262 1270 428 1332 eventum:
451 1265 632 1351 periculum
654 1265 736 1330 mihi
759 1267 875 1331 mortis
898 1271 955 1333 est
988 1267 1088 1352 quid?

126 1376 186 1439 ego
213 1375 281 1420 non
308 1354 389 1419 satis
418 1353 508 1418 vixi?
548 1375 616 1419 non
647 1355 733 1418 enim
763 1376 922 1419 annorum
954 1377 1088 1421 numero

125 1455 184 1508 nec
217 1443 323 1526 spatio
357 1444 475 1508 aetatis
508 1442 678 1507 terminari
709 1447 835 1507 certum
867 1448 918 1508 est
953 1444 1088 1509 fortium

127 1531 269 1595 virorum
291 1532 402 1615 vitam,
426 1531 483 1596 sed
504 1531 600 1596 laude
623 1536 657 1596 et
678 1530 767 1596 fama
783 1536 820 1606 et
837 1536 1013 1616 perpetuae
1031 1555 1088 1616 po·

127 1618 284 1684 steritatis
301 1619 559 1685 immortalitate.
593 1619 646 1684 Ita
664 1619 710 1684 dii
727 1619 860 1701 faciant,
882 1625 920 1686 ut
934 1642 1089 1706 magnum
1108 1634 1141 1682 15

125 1707 310 1792 exemplum
343 1708 533 1793 posteritati
569 1709 669 1774 etiam
704 1730 810 1793 poena
847 1710 923 1775 dare
954 1711 1089 1794 possim

125 1797 205 1862 satis
229 1796 350 1880 (vixi).
391 1796 555 1862 videbitur
576 1796 658 1862 mihi
680 1798 790 1862 omnia
815 1797 921 1863 facere
948 1799 1089 1882 fortuna,
1160 1872 1166 1877 ,

125 1889 163 1950 ut
205 1884 457 1968 tyrannicidium
501 1905 609 1950 meum
656 1887 760 1952 maius
799 1887 851 1951 sit.
909 1887 966 1952 ssd
1006 1887 1088 1952 illud

124 1974 258 2039 interim
289 1994 417 2059 vereor,
448 1994 489 2039 nc
516 1978 676 2058 tyrannus
704 1996 743 2039 ex
769 1995 821 2039 me
848 1979 940 2060 petat
967 1976 1089 2041 famam

124 2062 281 2127 lenitatis.
325 2062 427 2127 habet
452 2063 539 2128 enim
563 2063 647 2146 apud
671 2064 775 2127 malos
798 2084 925 2148 quoque
949 2064 1088 2128 multum
1107 2078 1142 2128 20

127 2149 333 2215 auctoritatis
356 2150 482 2236 virtus,
513 2153 546 2216 et
574 2151 713 2216 forsitan
739 2151 802 2215 hoc
830 2151 886 2215 ille
915 2153 1088 2218 ambitiose

125 2238 240 2321 faciet,
273 2240 311 2302 ut
341 2242 509 2323 potestate
536 2242 708 2305 contentus
741 2239 793 2304 sit.
845 2240 1000 2324 quidquid
1029 2245 1088 2325 est,

124 2326 236 2391 videat
263 2348 318 2392 me
342 2331 377 2393 ct
398 2327 457 2392 illa
478 2328 594 2394 civitas
618 2328 738 2393 vicina:
768 2329 907 2392 multum
931 2329 997 2394 illis
1022 2350 1088 2394 ser-

124 2415 289 2480 vientibus
322 2415 470 2499 prodero.
522 2416 665 2499 videant,
697 2439 760 2501 quo
792 2419 885 2482 vultu
912 2422 1088 2502 tyrannum

125 2503 240 2586 feram,
255 2525 353 2588 quam
367 2504 537 2570 interritus
551 2506 708 2570 tribunali
722 2507 791 2571 eius
806 2506 973 2590 adsistam,
991 2529 1087 2592 quam
1107 2521 1141 2571 25

122 2612 175 2656 me
197 2592 282 2658 nihil
304 2593 422 2677 minae,
443 2593 527 2658 nihil
551 2594 710 2678 supplicia
732 2596 804 2679 ipsa
823 2599 985 2660 moveant.
1014 2600 1086 2679 pot-

125 2685 177 2746 est
195 2679 276 2764 fieri,
297 2684 341 2746 ut
359 2681 547 2747 exhortetur
565 2683 642 2748 illos
660 2682 714 2747 hic
733 2684 861 2749 animus
884 2706 984 2768 meus,
1006 2683 1087 2750 haec

123 2789 196 2833 msa
228 2788 328 2834 mens.
373 2768 479 2835 Vobis
508 2770 637 2854 quidem
670 2771 834 2837 custodire
861 2793 988 2857 pacem,
1015 2772 1087 2837 red-

123 2857 198 2920 dere
227 2857 368 2940 quietcm
398 2859 504 2923 maius
532 2859 605 2944 ipso
633 2860 852 2944 tyrannicidio
880 2865 969 2944 puto.
1009 2882 1086 2926 nam

124 2944 151 3008 si
179 2944 301 3009 bellurn
327 2945 491 3031 imminet,
524 2948 552 3011 si
584 2949 762 3032 periculum
790 2949 942 3014 universa
970 2950 1085 3015 civitas
1104 2964 1140 3014 30

122 3031 235 3098 habet:
262 3033 349 3118 quod
371 3034 475 3119 ilium,
497 3036 587 3100 cuius
610 3037 741 3102 nomine
765 3038 847 3102 mihi
870 3037 994 3122 gratias
1018 3038 1084 3122 agi·

121 3121 176 3203 tis,
199 3121 310 3206 cecidi,
332 3123 508 3187 maximam
532 3124 625 3190 tobis
648 3125 801 3190 iniuriam
825 3126 896 3190 feci,

193 3301 209 3348 3
229 3311 325 3350 omne
343 3298 366 3348 Δ
380 3299 390 3366 ΙΙ
403 3302 420 3351 4
435 3296 653 3370 de<di>dissetis
668 3299 705 3353 Pi
717 3301 727 3368 ΙΙ
742 3305 775 3355 16
784 3298 961 3370 posteritatis
971 3257 1012 3353 Ais
1025 3302 1035 3370 ΙΙ
1050 3305 1082 3356 17

120 3363 221 3438 (vixi)
238 3366 283 3421 Rc
305 3369 315 3435 ss
337 3373 371 3422 23
391 3366 508 3423 videant
524 3373 545 3421 B
564 3372 626 3440 1128
644 3387 708 3426 mea
726 3386 776 3426 om.
795 3373 885 3440 Pd31
906 3369 1018 3441 sagittis
1037 3386 1083 3426 oc·
