2392 3862
142 220 207 285 170
506 218 738 285 QUINTILIANI

139 388 199 468 est,
223 385 274 448 vel
298 405 371 448 cum
393 382 537 467 periculo
551 383 708 449 venienti:
733 383 840 465 [nihil]
855 384 918 449 tibi
931 405 1007 449 vero
1028 385 1104 468 quis

140 471 1104 626 {runriuriusarcinularumnur

926 610 935 644 7

142 647 241 712 etiam
264 647 426 732 parasitus
448 653 560 733 posset
583 648 738 715 occidere.

105 753 123 802 5
210 735 325 802 Obicio
348 737 423 821 tibi,
445 737 531 822 quod
555 736 741 802 adhibueris
764 758 863 803 cenae
885 739 1029 804 tertium.
1076 739 1105 804 si

142 824 206 890 hoc
227 825 349 890 factum
372 825 505 910 pietatis
528 829 592 907 est,
620 846 701 908 opus
725 829 776 891 est
799 829 933 893 secreto.
978 825 1104 912 Obicio,

143 914 228 998 quod
255 914 435 999 parasitum
462 914 669 997 potissimum
700 913 900 980 adhibueris:
929 915 992 981 hoc
1015 916 1103 981 enim

142 1003 279 1068 vacabat
306 1003 433 1085 misero,
455 1003 518 1068 hoc
541 1001 647 1067 exuli?
685 1003 824 1068 cenabat-
845 1025 920 1069 cum
941 1005 1100 1087 parasito!

143 1095 249 1157 cetera
280 1092 347 1156 iam
380 1090 536 1176 intellego
568 1112 637 1177 non
663 1090 825 1175 pertinere
854 1091 895 1157 ad
927 1091 1103 1159 abdicatio·

87 1197 123 1246 10
141 1200 226 1244 nem.
272 1179 390 1245 altiora
418 1183 493 1245 sunt
520 1180 656 1245 crimina
684 1183 716 1245 et
744 1180 810 1245 suis
839 1179 968 1264 legibus
995 1180 1103 1266 digna,

141 1271 345 1333 nontamen
373 1267 492 1334 debent
518 1268 590 1334 ideo
618 1267 782 1353 lucrifieri,
810 1268 896 1353 quod
918 1269 952 1334 in
975 1273 1102 1354 patrem

141 1356 331 1422 inciderunt.
586 1376 590 1382 ·

211 1443 324 1510 Obicio
349 1444 412 1510 tibi
435 1443 600 1511 occidendi
621 1445 734 1511 fratris
754 1445 935 1511 consilium.
959 1445 987 1510 si
1007 1467 1101 1511 accu-

142 1534 232 1595 sator
251 1552 365 1611 essem,
385 1533 413 1597 si
431 1537 464 1599 te
482 1534 515 1597 in
535 1533 674 1599 culleum
691 1537 847 1619 peterem,
865 1534 923 1599 illa
936 1533 1102 1600 dixissem:

87 1637 122 1685 re
141 1640 280 1702 persona
307 1620 436 1685 crimini
466 1621 582 1687 idonea
614 1625 676 1688 est:
708 1621 810 1688 habes
842 1622 1038 1706 parasitum3
1070 1626 1118 1688 et-

142 1727 239 1771 causa
267 1708 432 1774 occidendi
460 1710 633 1776 manifesta
661 1713 724 1776 est:
757 1710 890 1777 coheres
919 1732 953 1776 es
981 1710 1104 1778 fratris.

141 1796 269 1862 occasio
292 1795 416 1863 adiuvit
439 1799 623 1865 consilium:
647 1799 732 1864 intra
755 1799 835 1865 fines
859 1800 962 1865 occidi
979 1803 1103 1884 potest3

142 1884 290 1950 minister
313 1907 380 1952 non
403 1887 523 1952 defuit:
545 1888 709 1972 parasitus
732 1888 767 1954 in
789 1891 847 1954 tua
863 1891 1025 1973 potestate
1044 1893 1104 1955 est.

143 1976 249 2038 cetera
267 1996 342 2041 vero
362 1977 412 2041 cui
430 1998 497 2043 non
516 1977 616 2042 etiam
635 1976 809 2043 manifesta
829 1976 918 2042 sint?
940 1976 1103 2061 parasitus

85 2080 122 2129 ao
142 2062 213 2127 sine
244 2066 301 2130 tua
338 2066 507 2131 voluntate
544 2066 714 2132 convitiari
745 2065 840 2131 fratri
865 2068 923 2131 tuo
947 2065 1102 2131 auderet?

141 2150 239 2218 homo
268 2153 304 2217 in
331 2153 551 2221 adulationem
578 2160 689 2240 natus,
720 2154 835 2239 homo,
863 2153 953 2219 cuius
981 2153 1103 2219 famem

140 2242 178 2304 tu
201 2244 330 2307 tantum
352 2244 513 2327 propitius
537 2243 722 2326 differebas,
750 2264 817 2308 non
837 2242 969 2308 fecisset
991 2243 1103 2326 utique

142 2347 206 2410 quo
234 2333 267 2392 te
294 2336 425 2414 putaret
447 2330 575 2396 offendi.
620 2331 740 2397 dormis
771 2331 848 2414 (boc
871 2331 932 2397 tibi
954 2331 989 2396 in
1010 2352 1103 2415 prae-

142 2415 248 2479 sentia
272 2416 450 2506 credatur):
472 2440 538 2484 non
564 2419 703 2502 putabat
733 2418 796 2484 tibi
817 2440 914 2503 posse
936 2419 1103 2485 nuntiari?

84 2520 122 2570 25
143 2504 176 2566 et
205 2503 317 2569 tamen
338 2505 526 2571 incredibile
550 2510 601 2571 est
623 2511 656 2572 te
679 2505 838 2572 dormisse
860 2508 923 2575 hoc
945 2511 1104 2593 tempore,

141 2589 306 2657 hocloco:
330 2594 515 2660 convivium
535 2599 617 2679 erat3
642 2598 675 2660 et
693 2594 789 2680 quale
808 2595 1014 2662 convivium?
1037 2596 1103 2661 fra·

140 2679 190 2742 ter
213 2679 378 2747 invitatus.
412 2682 460 2748 ita
482 2682 539 2747 ille
563 2682 735 2748 convitiari
757 2705 855 2750 ausus
874 2685 999 2769 fuisset,
1022 2685 1103 2751 site

141 2771 306 2834 amantem
332 2770 446 2837 fratris
476 2770 634 2838 vidisset?
679 2772 773 2838 credo
796 2773 980 2857 parasitum
1002 2774 1102 2838 etiam

138 2854 314 2922 insultasse
332 2858 484 2926 fortunae
501 2860 563 2926 filii
580 2861 653 2926 mei.
690 2865 792 2945 atace,
816 2861 906 2947 dixit,
929 2862 1024 2927 exul<
1046 2882 1103 2947 pa·

213 3076 227 3123 1
247 3085 309 3125 ven.
327 3067 400 3124 nihil
418 3070 438 3124 t.
457 3075 494 3138 A,
521 3087 583 3126 ven.
608 3070 679 3126 mihi
697 3074 718 3127 t.
736 3077 768 3142 B,
786 3087 855 3129 coer.
875 3072 933 3128 Lat
954 3074 964 3142 ΙΙ
986 3077 1103 3142 tpara-

139 3141 186 3195 tus
209 3145 250 3194 Aa
271 3142 281 3211 ΙΙ
304 3147 320 3195 6
344 3140 448 3224 fartum
471 3142 524 3225 All
544 3147 614 3197 c-'l
638 3158 723 3198 cenae
746 3144 767 3197 t.
791 3161 812 3198 s.
828 3143 866 3227 .h·
889 3143 910 3200 f.
933 3161 960 3212 p.
984 3159 1007 3199 a.
1033 3157 1058 3196 0.
1079 3158 1102 3197 e.

141 3229 347 3364 {attulit
362 3211 597 3352 aalma
610 3216 677 3356 lt
690 3214 948 3355 {turult
964 3212 1104 3365 {rint

137 3371 158 3406 1.
178 3369 204 3408 a.
222 3356 305 3409 natus
322 3358 412 3410 om
436 3355 445 3425 ΙΙ
468 3360 501 3409 22
525 3356 636 3410 tantum
659 3358 691 3411 tu
714 3359 771 3422 AB,
789 3370 858 3410 corr.
876 3355 921 3410 Rc
939 3357 950 3424 n
966 3355 1103 3425 prodigus

138 3423 188 3478 Bu
207 3425 252 3492 (cf.
274 3428 398 3495 176,10)
444 3431 477 3482 23
496 3428 626 3497 potearet
643 3430 685 3479 Aa
702 3427 713 3495 ΙΙ
730 3431 774 3505 24Ρ
783 3425 913 3480 mundari
930 3430 972 3479 Aa
984 3427 994 3495 [Ι
1008 3430 1042 3480 ab
1061 3425 1104 3480 in·

134 3494 260 3549 cedibile
278 3500 320 3550 Aa
330 3497 342 3565 l
356 3503 390 3554 26
439 3499 500 3554 atre
523 3498 633 3567 Δι1127
657 3495 784 3553 conviari
806 3500 848 3549 Aa
864 3497 874 3566 ΙΙ
892 3501 926 3550 28
951 3511 1044 3552 amem
1062 3500 1105 3551 A·
