2392 3862
165 201 230 265 154
378 223 382 230 ·
528 199 754 269 QUINTILIANI

163 365 317 428 misertus
340 363 488 430 fuissem:
512 364 654 429 subisset
677 365 736 430 illa
762 364 931 450 cogitatio:
955 331 1124 432 »infelices

164 453 260 516 huius
283 456 471 536 parentes«
492 474 559 519 non
581 457 650 518 tam
668 452 916 538 reprehensione
935 453 1053 539 dignus
1074 459 1125 521 est

164 541 321 624 desertor,
355 563 453 627 quam
467 541 575 607 laude
598 542 648 606 vir
675 541 780 607 fortis.
825 541 907 606 Post
933 543 995 607 hoe
1019 543 1123 608 obicis

164 629 254 708 mihi,
278 631 363 714 quod
387 631 425 695 de
448 630 633 697 innocentia
655 633 713 694 tua
734 629 816 694 nihil
839 631 943 696 timui.
970 631 1124 715 sciebam,

129 735 145 783 5
165 719 324 801 quomodo
349 719 495 802 vixisses,
518 718 679 804 quomodo
703 740 835 783 eausam
857 722 948 784 tuam
973 720 1122 804 egissem.
1174 750 1177 755 ⁴

165 827 225 892 ego
249 809 335 872 enim
359 808 490 873 domum
511 811 658 873 nostram
681 806 716 871 in
736 809 803 872 aoie
822 807 957 872 defendi.
991 810 1123 890 aceedit,

135 926 137 930 r
164 897 248 978 quod
276 897 332 981 qui
360 896 460 962 semel
487 896 613 961 delatus
643 899 694 960 est
720 917 809 978 reus,
841 918 907 961 non
933 900 1044 980 potest
1067 899 1123 963 ab·

165 985 261 1069 solvi,
283 985 349 1050 nisi
371 989 552 1068 accusatum
577 1006 688 1050 omnes
712 984 881 1049 dixissent:
905 1007 1043 1050 »causae
1066 1008 1122 1071 pa-

164 1073 224 1138 tris
253 1073 454 1155 diffidi[sse]t
480 1073 531 1137 vir
557 1073 682 1137 fortia<
727 1072 811 1137 nihil
839 1074 926 1139 aliud
949 1075 1123 1158 †egissem

112 1179 145 1228 10
165 1162 337 1245 quidem†:
373 1165 407 1226 et
432 1161 510 1247 quid
535 1159 682 1227 futurum
705 1161 797 1226 erat?
834 1162 864 1226 si
886 1162 1123 1247 impetrassem,

163 1272 230 1314 non
253 1251 478 1316 absolveretis:
508 1251 625 1316 sinon
648 1251 889 1336 impetrassem,
912 1251 1122 1316 damnareris.

165 1339 253 1403 adfui
276 1339 399 1404 tibi-
422 1361 488 1403 non
511 1338 651 1423 imput03
673 1360 778 1425 neque
803 1340 889 1405 enim
912 1343 948 1404 tu
971 1339 1044 1404 ideo
1068 1341 1124 1405 ab·

165 1428 290 1492 solutus
314 1449 362 1491 es:
386 1428 464 1492 vicit
487 1450 597 1510 eausa,
620 1428 698 1494 vieit
720 1428 914 1492 innocentia.
955 1449 1016 1514 ego
1040 1428 1124 1492 nihil

163 1515 304 1599 imputo,
326 1516 393 1581 nisi
415 1516 501 1600 quod
524 1516 606 1580 bene
629 1516 757 1602 speravi
780 1516 819 1580 de
843 1538 940 1581 eausa
962 1520 1028 1581 tua.
1075 1539 1125 1582 ee·

113 1619 145 1668 15
165 1603 241 1685 quid
272 1604 386 1689 igitur,
423 1607 525 1688 pater,
555 1604 732 1690 gratularis
764 1603 846 1669 tibi?
897 1626 1008 1670 omnes
1042 1606 1125 1670 salvi

164 1712 283 1756 sumus.
311 1714 387 1756 nam
407 1692 445 1756 de
463 1691 564 1757 fratre
582 1692 651 1758 noli
675 1692 859 1778 desperare:
883 1715 978 1777 saepe
1001 1694 1124 1759 rediere

169 1779 315 1846 virtutes.
360 1782 426 1845 iam
449 1781 536 1846 domi
560 1781 660 1847 habet
683 1783 875 1865 exemplum.
920 1783 955 1846 in
978 1782 1124 1866 periculo

164 1869 281 1934 mortis
304 1869 382 1935 fuit:
412 1871 487 1951 scit,
510 1871 605 1954 quale
629 1871 673 1936 sit
695 1870 855 1953 deserere,
878 1871 973 1954 quale
995 1871 1126 1936 fortiter

164 1960 279 2025 faeere.
330 1959 484 2025 denuntio
517 1959 592 2044 tibi,
624 1959 740 2043 frater,
772 1959 870 2024 tollas
903 1959 1001 2024 istam
1031 1960 1125 2042 igno-

111 2067 146 2116 20
165 2052 308 2118 miniam.

498 2134 792 2203 CCLXXXVIH.

340 2243 579 2328 Tyrannicida
600 2243 762 2310 filiorum
785 2241 950 2309 duorum.

165 2371 227 2446 oui
258 2371 337 2435 duos
368 2370 453 2434 filios
483 2372 640 2452 tyrannos
670 2366 845 2451 occiderat,
877 2367 962 2451 petit
988 2367 1125 2451 praemii

252 2458 392 2538 nomine,
415 2461 452 2521 ut
474 2455 590 2521 tertius
614 2455 648 2519 in
674 2455 807 2519 exilium
829 2455 1064 2538 proficiscatur.

113 2634 146 2682 as
556 2611 729 2679 SERMO.

232 2721 419 2787 Indubitate
441 2724 535 2805 pater
557 2719 610 2784 hio
633 2721 742 2803 timet,
764 2741 805 2784 ne
829 2723 862 2784 et
884 2720 941 2784 ille
964 2724 1125 2804 tyrannus

166 2809 237 2898 fiatJ3
262 2811 315 2875 sed
334 2832 400 2875 non
423 2810 520 2875 debet
538 2808 631 2875 illum
650 2809 758 2874 faeere
777 2812 976 2894 suspectum:
1000 2811 1126 2895 alioqui

239 2992 252 3040 1
274 2983 393 3038 infelicis
412 2983 440 3036 h.
459 2983 582 3054 parentis
600 2987 621 3036 B
640 2989 665 3040 et
682 2984 741 3040 edd.
756 2985 765 3054 ΙΙ
785 2988 853 3036 1-2
873 2982 944 3038 »inl
964 2983 991 3040 h.
1010 3001 1038 3054 p.
1057 3001 1085 3041 n.
1103 2987 1124 3039 t.

167 3079 189 3113 r.
208 3059 235 3115 d.
255 3076 277 3112 e.
298 3056 325 3112 d.
344 3073 370 3123 q.
389 3056 408 3109 l.
427 3074 453 3109 v.
472 3054 584 3111 fortis«
603 3056 647 3110 Ro
664 3058 674 3124 ΙΙ
692 3060 709 3108 8
727 3054 833 3124 pateris
851 3057 871 3106 B
886 3055 925 3122 119
944 3053 1062 3122 diffidis
1082 3057 1127 3110 set

167 3136 219 3200 Aa,
247 3125 364 3193 diffidis3
384 3129 412 3182 et
430 3131 483 3196 ab,
512 3126 661 3182 diffidisset
678 3131 712 3196 B,
731 3141 800 3181 corr.
822 3124 864 3180 Gr
886 3127 896 3196 ll
920 3131 951 3179 11
972 3125 1127 3182 absolveris

167 3207 232 3256 aad
255 3204 265 3271 ΙΙ
289 3207 320 3254 13
339 3196 408 3254 vicit
427 3214 512 3252 eausa
529 3197 599 3254 vicit
618 3214 701 3254 eausa
718 3195 788 3251 vieit
806 3195 862 3250 inn.
882 3201 905 3249 Δ
922 3197 932 3265 l
957 3201 990 3249 14
1007 3197 1058 3251 tua
1076 3201 1128 3254 tua

168 3277 213 3345 All
230 3277 334 3328 13—14
352 3268 421 3324 vicit
439 3286 523 3324 eausa
541 3289 566 3326 v.
586 3271 603 3325 i.
624 3286 648 3324 e.
667 3287 692 3323 n
710 3267 728 3322 i.
748 3285 774 3321 n.
794 3284 820 3334 q.
839 3267 866 3320 b.
887 3284 907 3321 s.
927 3266 953 3322 d.
974 3284 1058 3322 eausa
1075 3269 1128 3324 tua

167 3363 216 3400 om.
236 3349 276 3398 Aa
296 3345 305 3414 ss
327 3348 360 3397 16
379 3341 449 3396 salvi
467 3357 529 3395 mus
547 3345 588 3394 Aa
607 3342 615 3410 ΙΙ
638 3344 671 3395 18
690 3338 725 3392 de
744 3351 839 3392 sorore
856 3339 900 3408 ΒΙΙ
916 3343 948 3391 19
966 3338 1062 3394 fortite
1081 3340 1126 3410 All

166 3417 252 3470 istam
270 3432 320 3471 om.
339 3418 362 3466 Δ
384 3414 393 3482 ΙΙ
416 3418 451 3468 26
469 3411 499 3466 in
516 3413 661 3468 dubietate
679 3413 700 3462 B
723 3411 732 3480 ΙΙ
752 3414 786 3462 ‘dl
805 3407 1009 3489 fortasseque.
1028 3412 1126 3479 aparte

166 3489 287 3556 suspect.
306 3487 347 3540 ael
365 3491 446 3554 also.
465 3482 519 3538 fae.
539 3500 627 3554 ausu:
647 3481 683 3538 al.
692 3500 713 3536 r.
723 3479 785 3548 erit,
798 3495 826 3535 n.
836 3477 1034 3550 mittmeml,
1049 3498 1126 3552 susp.
