2392 3862
109 217 174 281 212
473 215 705 282 cumulemur

110 378 277 465 scripserit
298 377 557 443 testamentum?
580 381 691 463 potest
710 378 813 446 videri
830 401 897 446 non
914 382 1074 467 melonum,

104 467 189 551 quod
218 464 325 552 magis
348 465 417 531 iure
441 466 588 550 primum
610 466 794 535 dixerimus.
833 468 890 534 sed
918 472 1073 556 quemad·

102 555 234 620 modum
261 555 349 620 inter
369 555 540 639 plur[im]e
562 558 758 623 testamenta
781 557 939 623 ultimum
962 560 1071 627 valere

104 646 244 728 oportet:
276 645 324 709 ita
350 642 432 709 haec
461 643 635 709 manifesta
655 644 739 729 legis
763 647 917 712 voluntas
942 651 1006 732 est,
1034 652 1073 715 ut

69 752 85 800 e
103 733 137 797 id
155 736 389 798 testamentum
408 733 525 816 valeat,
547 734 623 816 post
641 730 728 818 q'uod
747 734 873 800 nullum
893 738 1071 803 tentamen-

103 825 174 886 tum
202 826 261 887 est.
297 842 402 905 neque
430 823 480 885 est
508 820 698 886 incredibile
728 822 799 888 sine
823 822 937 908 dubio,
968 826 1071 892 etiam

105 914 180 976 ante
203 911 266 977 hoc
288 912 537 994 testamentum,
565 929 629 994 quo
653 930 714 995 ego
737 911 833 977 heres
858 912 965 978 factrus
990 936 1072 1000 sum,

104 997 1071 1177 {demetetitdtttttltttpttt

54 1196 87 1243 ro
106 1182 182 1261 post
206 1178 272 1242 alia
295 1175 452 1259 scriptum
475 1179 538 1240 est:
562 1178 595 1241 et
618 1176 645 1240 si
669 1177 811 1260 primum
835 1178 1071 1265 scriptumest,

105 1267 184 1352 quia
214 1265 343 1330 nullum
370 1269 483 1329 temen
511 1268 561 1328 est
589 1265 676 1348 quod
703 1266 812 1331 vincat
839 1270 874 1331 et
900 1269 1070 1351 potentius

107 1355 151 1420 sit
173 1356 348 1439 posteriue,
371 1373 431 1437 pro
453 1352 570 1418 ultimo
593 1353 779 1419 habendum
801 1357 860 1421 est.

173 1443 346 1508 Sublatum
374 1440 488 1505 dicunt
515 1441 606 1524 prius
633 1445 866 1509 testemonium
887 1445 1069 1528 posteriore

103 1533 316 1613 testament03
352 1550 459 1613 neque
483 1549 544 1613 ego
567 1529 704 1615 infitior,
735 1531 763 1596 si
785 1532 855 1597 iure
877 1533 1000 1598 factum
1021 1538 1070 1601 cet

53 1637 86 1686 rc
104 1620 349 1703 testamentum,
370 1618 434 1683 hoc
452 1624 511 1702 est,
531 1617 559 1682 si
576 1621 808 1684 testamentum
827 1624 887 1706 est,
909 1623 1069 1705 potentis⁵

105 1709 220 1774 simam
251 1728 320 1773 esse
348 1704 492 1772 defuncti
518 1706 701 1790 proximam
730 1729 891 1793 quamque
918 1709 1069 1776 volunta-

104 1802 179 1862 tem.
218 1795 282 1862 Sed
304 1814 389 1880 nego
412 1794 517 1859 ullum
540 1799 656 1878 postea
680 1795 804 1862 factum
827 1800 1085 1865 testamentum!

105 1887 182 1971 quid
211 1890 261 1952 est
284 1884 370 1950 enim
393 1886 650 1948 testamentum?
688 1887 725 1949 ut
757 1885 885 1970 opinor,
914 1887 1068 1954 voluntas

104 1976 247 2042 defuncti
275 1972 467 2058 consignata
495 1972 564 2037 iure
587 1972 779 2058 legibusque
802 1974 954 2041 civitatis.
1000 1997 1069 2043 non

51 2080 87 2129 2ο·
104 2063 241 2130 dixerim
264 2084 326 2150 ego
349 2064 593 2145 testamentum,
615 2061 667 2127 cui
690 2083 844 2128 numerus
863 2063 1068 2148 signatorum

104 2154 208 2239 deest3
244 2175 312 2219 non
339 2150 476 2218 dixerim
499 2153 745 2234 testamentum,
778 2151 830 2216 cui
853 2151 1010 2236 libripens
1034 2156 1069 2218 et

103 2247 231 2327 emptor
257 2240 403 2307 familiae
431 2243 464 2303 et
486 2243 596 2304 cetera
619 2239 682 2303 iuri
704 2239 902 2305 necessarie:
935 2241 1068 2307 tabulae

103 2335 198 2394 erunt
224 2330 365 2394 fortasse
396 2331 429 2392 et
457 2327 613 2410 scriptum
637 2327 707 2391 erit
755 2331 788 2392 et
809 2328 871 2394 hoc
893 2325 946 2415 (ut
967 2329 1068 2413 paulo

103 2420 178 2480 ante
192 2416 354 2501 dicebam)
370 2419 480 2479 vestra
495 2435 622 2498 quoque
637 2413 846 2482 manifestum
861 2416 1068 2483 confessione

50 2519 84 2569 25
104 2506 167 2588 est,
198 2526 265 2569 non
292 2524 365 2567 esse
392 2503 473 2567 otuu
497 2505 739 2567 testamentum.
781 2503 867 2570 facto
895 2505 981 2570 enim
1008 2505 1067 2572 illo

102 2590 209 2657 dicitis
235 2591 452 2675 propinquum
478 2591 623 2653 vestrum
645 2589 838 2658 intestatum
860 2592 968 2660 trisse.
1002 2593 1068 2660 hoo

101 2681 234 2764 propius
250 2679 455 2764 colligamus.
473 2681 626 2763 putemus
642 2679 729 2745 enim
743 2680 866 2746 factum
881 2705 952 2748 esse
965 2702 1066 2748 unum

101 2769 163 2834 hoo
192 2770 439 2852 testamentum,
475 2765 563 2852 quod
593 2768 787 2834 damnastis:
823 2792 903 2835 num
932 2770 1067 2837 dubium

100 2857 224 2941 testati,
246 2856 279 2920 id
304 2859 362 2938 eet,
387 2856 466 2941 quin
483 2857 532 2920 ita
549 2855 683 2922 heredes
701 2857 803 2924 futuri
821 2858 959 2944 fueritis,
980 2862 1064 2924 tam-

172 3075 188 3123 2
208 3065 357 3138 plur[im]e
378 3065 423 3121 Re
440 3068 449 3137 ΙΙ
469 3074 485 3121 6
503 3065 556 3121 eim
575 3070 595 3119 B
618 3068 628 3136 ll
652 3074 684 3122 11
703 3068 802 3138 postea
819 3072 883 3137 AB,
907 3084 976 3124 eom
996 3067 1064 3138 Rei

103 3147 136 3194 12
153 3140 247 3209 priore
265 3142 295 3205 B,
313 3135 407 3207 primo
426 3139 468 3208 ΡΙΙ
483 3143 516 3192 13
536 3138 648 3193 inliteor
661 3141 710 3208 Δι,
729 3155 786 3195 non
805 3139 940 3194 confiteor
955 3138 1066 3210 311*εῆ

101 3216 148 3263 AB
172 3215 182 3292 Η
205 3216 309 3267 19-20
333 3208 380 3263 cui
398 3225 425 3263 n.
445 3226 466 3264 e.
485 3209 511 3264 d.
530 3227 557 3264 n.
576 3210 603 3264 d
622 3210 823 3266 testamentum
838 3226 891 3266 oar.
909 3214 976 3264 Ae!
997 3209 1007 3280 fl
1030 3215 1065 3266 20

101 3282 272 3352 libripens
290 3283 343 3352 At]
366 3285 399 3335 22
418 3279 477 3334 iure
497 3278 541 3335 Gr
561 3282 572 3350 l
594 3286 629 3335 26
647 3280 726 3337 velut
744 3285 808 3350 ss,
831 3296 901 3338 corr.
920 3281 976 3348 Ro;
999 3285 1065 3338 ac-

100 3369 164 3406 rum
182 3355 216 3420 cf.
236 3360 270 3409 29
288 3359 315 3409 et
334 3357 425 3422 213,1
445 3353 591 3420 tamquam
609 3356 634 3406 et
652 3356 716 3417 218,
731 3357 747 3405 8
765 3366 893 3433 pro-non
910 3352 1064 3476 &⁰de

101 3420 205 3476 dicitur
222 3428 283 3493 AB,
306 3441 378 3481 corr.
398 3423 441 3480 Ro
468 3425 478 3493 ΙΙ
503 3423 630 3477 nostrum
650 3425 672 3474 B
698 3423 709 3491 Ι
735 3426 770 3476 22
788 3438 837 3491 qur
861 3439 891 3477 m
914 3421 975 3478 vita
1018 3465 1025 3480 .
1044 3422 1064 3478 f.

97 3492 167 3548 cetis
183 3498 206 3544 Β
