2392 3862
491 224 712 296 ranacario„
999 216 1079 282 xva

112 381 312 456 usurpantem
336 395 481 454 persaepe
505 380 664 452 praeterea
687 377 788 454 aliqua
806 380 906 453 rerba,
931 380 1007 455 quae
1021 399 1077 455 per

110 477 289 552 compendia
321 496 382 536 non
413 475 543 534 multum
576 474 777 549 discrepantia
808 476 888 536 inter
920 495 953 537 se
986 477 1078 536 scribi

110 574 224 649 solent,
247 575 364 633 mutata
384 574 464 632 inter
482 589 526 646 se,
550 571 646 631 veluti
663 574 766 632 tamen
783 576 815 633 et
832 575 960 652 tantum,
985 575 1077 634 etiam

112 670 167 729 ubi
189 670 221 729 in
243 671 268 728 B
288 675 319 729 et
340 671 372 730 in
389 670 414 728 P
432 668 569 729 omnibus
588 667 685 726 literis
704 688 846 745 expressa
865 674 943 731 sunt.
982 671 1077 747 Atqui

111 771 193 827 certe
216 786 276 827 non
299 769 377 830 tanti
401 786 466 827 esse
489 767 610 841 poterat
632 764 710 825 liber
731 767 757 824 B
780 767 925 844 Ugoleto,
949 767 976 826 si
997 768 1078 827 idem

112 866 309 925 vetustiorem
327 867 414 925 illum
431 863 543 923 librum
563 878 653 920 suum
670 862 810 923 habebat.
843 864 926 925 Haec
940 883 1023 942 ergo,
1042 868 1078 924 ut

111 964 215 1039 paneis
239 966 389 1039 repetam,
413 961 449 1020 de
474 959 611 1019 omnibus
634 959 695 1018 illis
717 979 845 1036 quorum
868 961 988 1021 initium
1011 964 1078 1021 erat

111 1062 167 1118 aut
186 1063 233 1119 est
253 1079 271 1118 a
290 1058 507 1120 declamatione
522 1056 585 1115 252
601 1057 708 1134 media,
731 1058 816 1118 libris
829 1059 919 1119 velim
934 1061 1076 1126 statuere,

112 1156 210 1216 Vetus
234 1157 387 1233 exemplar
410 1155 505 1214 fuisse
524 1174 629 1214 unum:
652 1156 732 1231 quod
749 1157 846 1232 primo
864 1157 896 1215 in
916 1155 1077 1216 Germania

112 1255 183 1314 usui
214 1254 309 1314 fuisse
340 1253 499 1330 Agricolae
533 1242 579 1332 (et
609 1253 709 1328 nescio
742 1273 781 1312 an
812 1253 904 1313 etiam
938 1252 1077 1314 Cornelio

112 1351 269 1429 Agrippae
283 1352 319 1412 cf.
334 1372 363 1427 p.
380 1353 419 1410 16
434 1344 478 1430 n),
493 1353 557 1409 tum
571 1350 752 1410 translatum
769 1349 876 1409 Senam
891 1369 910 1410 a
924 1349 1076 1428 Campano

112 1448 279 1524 inspectum
303 1467 385 1526 esse,
408 1446 514 1506 deinde
536 1464 591 1522 per
614 1447 736 1524 aliquod
759 1449 878 1524 tempus
903 1466 1077 1508 concessum

113 1539 280 1628 Ugoleto*)
305 1565 430 1622 eumque
455 1547 516 1606 suis
535 1546 640 1606 usibus
660 1547 691 1604 et
709 1546 933 1621 praeparandae
952 1545 1077 1605 editioni

113 1635 225 1701 librum
239 1643 441 1719 descripsisse,
456 1642 639 1717 descriptum
653 1643 786 1716 eleganti
796 1642 945 1718 scriptura
953 1641 1075 1719 librum,

114 1739 324 1800 Monacensem
346 1743 482 1800 nostrum
502 1740 536 1816 B,
559 1739 671 1799 iterum
693 1739 923 1799 describendum
946 1757 1076 1814 curasse,

113 1839 148 1896 ut
176 1837 263 1896 fieret
291 1829 514 1916 exemplum**)
543 1837 655 1912 operis,
684 1836 762 1912 quod
785 1852 906 1913 pessum
929 1835 973 1894 ire
996 1835 1077 1895 inter

114 1954 217 1994 eorum
245 1953 351 1994 manus
379 1953 439 1994 non
466 1936 544 1995 tanti
572 1939 660 1995 esset.
706 1933 821 1993 Eodem
849 1933 911 1993 fere
941 1936 1075 2010 tempore

114 2033 207 2090 etiam
239 2030 418 2106 chigianum
451 2031 562 2090 librum
596 2031 618 2091 C
652 2050 688 2090 ex
718 2031 771 2089 illo
803 2032 922 2090 vetusto
952 2030 1077 2090 Senensi

115 2176 329 2184 -----.-.--

186 2262 212 2330 *)
233 2260 286 2325 Qui
312 2261 430 2316 eundem
454 2259 590 2330 Campani
614 2263 643 2316 et
664 2259 779 2331 Ugoleti
801 2260 906 2315 librum
929 2277 990 2316 esse
1013 2278 1075 2331 per·

114 2332 232 2387 euadere
256 2332 310 2386 sibi
335 2349 391 2387 non
413 2333 558 2402 poterunt,
582 2331 718 2387 facillime
736 2348 883 2387 commune
901 2332 1013 2400 utrique
1032 2350 1076 2388 ar-

114 2404 267 2472 chetypum
290 2404 410 2459 sument.
447 2402 502 2458 Sed
527 2421 563 2458 ne
581 2403 653 2458 illud
671 2402 787 2473 quidem
805 2406 884 2458 extra
902 2420 1012 2459 omnem
1031 2421 1076 2459 ra·

113 2476 230 2544 tionem,
245 2474 269 2528 ei
283 2475 346 2544 quis
360 2475 457 2529 credat
469 2473 573 2529 librum
588 2475 703 2545 Ugoleti
717 2491 751 2528 ex
766 2474 966 2543 Campaniano,
984 2475 1074 2529 multo

112 2546 232 2600 fortasse
246 2548 311 2600 ante
326 2563 410 2614 quam
424 2545 622 2600 transferretur
634 2545 664 2599 in
678 2545 800 2613 Italiam,
816 2561 876 2600 esse
891 2544 1073 2613 descriptum.

113 2651 251 2706 Tabulam
269 2652 357 2721 igitur
374 2651 560 2706 illustrandae
577 2652 619 2706 rei
673 2650 729 2706 Se'd
742 2667 778 2705 ne
793 2651 865 2705 tales
880 2650 995 2719 quidem
1004 2652 1074 2705 ima-

185 2723 259 2799 hanc
277 2739 434 2792 proponere
451 2722 551 2777 velim:
695 2722 774 2791 gines
789 2721 887 2790 utique
900 2720 989 2776 falsae
1002 2720 1075 2775 iudi-

697 2793 811 2860 candae,
822 2792 920 2861 quales
930 2792 984 2847 hae
995 2795 1076 2847 sunt:

188 2862 249 2916 cod.
268 2862 334 2932 Agr.
355 2863 451 2932 Camp.
470 2863 553 2932 Ugol.
684 2905 691 2919 .

187 2942 554 2980 -ss-a
697 2919 714 2986 β
836 3000 840 3004 ⁴
874 2917 940 2984 Agr.
961 2915 1056 2986 Camp.

380 2988 385 3054 l
699 2990 704 3054 1
948 2991 952 3055 Ι

321 3070 422 3097 ,nd-

650 3065 751 3098 ἑ-ὼη
900 3071 1001 3098 affl

409 3111 432 3165 B
500 3110 567 3180 Agr.
583 3111 678 3180 (lamp.
733 3109 815 3180 Ugol.
890 3109 910 3164 Ο
972 3110 1025 3180 Ug.

407 3184 425 3306 bl
571 3185 591 3306 (¹)
753 3186 775 3307 ΒΙ
788 3254 840 3308 etc.
984 3186 1008 3306 A
1021 3254 1076 3308 etc.

409 3325 431 3448 l

186 3501 227 3568 **)
247 3500 327 3567 Quod
346 3501 504 3570 exemplum
523 3501 654 3557 editionis
672 3501 756 3557 litera
775 3502 794 3557 b
813 3502 957 3557 notamus.
1033 3544 1039 3551 .
1073 3552 1076 3557 ,

169 3598 304 3647 Quintiliani
319 3600 382 3656 decl,
398 3600 431 3643 cd.
445 3600 528 3645 Bitter.
906 3588 934 3644 *b
