2392 3862
146 227 210 293 138
511 225 739 292 QUINTILIANI
810 225 820 241 ⁶

142 391 231 456 dam:
254 394 493 475 prospexerunt
510 390 752 472 infirmioribus,
770 393 1005 475 prospexerunt
1024 389 1104 455 loni·

142 481 264 546 oribus.
294 479 435 545 forsitan
458 479 682 565 cogitaverunt
701 484 735 543 et
752 479 844 558 illud,
866 499 934 543 non
952 478 1103 543 omnibus

140 568 267 632 futures
291 590 362 633 esso
391 568 491 653 viros3
522 568 571 632 itu
597 571 861 651 temperaverunt
884 567 1102 646 severitatem,

141 660 178 721 ut
201 656 380 722 vindicaret
402 679 437 722 se
460 655 622 741 quomodo
647 657 782 741 quisquo
804 660 926 740 posset.

106 779 122 828 5
208 763 285 828 Dixi
312 767 480 848 tamquam
507 785 568 847 pro
598 762 728 846 iuvene,
756 763 823 828 dixi
851 757 1019 848 tamquam
1042 785 1103 847 pro

141 852 272 917 marito:
296 852 467 917 dicendum
490 856 540 915 est
562 854 728 934 tamquam
751 874 811 935 pro
834 851 999 934 inpuboro.
1034 872 1102 916 non

141 962 192 1005 me
220 941 351 1006 hercule
373 941 453 1005 satis
476 941 675 1010 constituere
699 941 784 1023 epud
818 940 962 1005 animum
995 962 1102 1005 meum

140 1051 288 1113 possum,
317 1051 359 1094 an
384 1029 459 1094 huic
486 1028 649 1093 adulteros
677 1028 806 1094 licuerit
836 1029 990 1094 occidere.
1037 1051 1101 1112 quo

141 1119 227 1182 enim
249 1118 380 1182 tandem
403 1117 499 1182 modo
519 1116 744 1183 defenderetur
761 1117 850 1182 filius
868 1121 954 1201 tuus,
979 1117 1008 1181 si
1026 1119 1100 1201 quis

87 1224 121 1273 10
140 1207 315 1291 extitisset,
342 1205 398 1291 qui
422 1205 557 1289 diceret,
584 1206 754 1271 »occidisti
783 1205 931 1271 homines
954 1205 1099 1272 nondum

142 1295 289 1360 moritus.
326 1316 430 1378 nequo
453 1295 539 1359 enirn
562 1295 611 1359 vis
635 1295 700 1359 isto
721 1295 864 1360 nominis
886 1294 1021 1360 huiusce
1044 1316 1102 1378 op·

140 1384 315 1467 pollutione
342 1383 450 1466 primo
476 1382 640 1466 consistit,
671 1404 730 1448 noc
760 1382 840 1449 sutis
868 1387 918 1448 est
945 1383 1100 1449 moritum

139 1474 268 1535 tanturn
292 1471 403 1536 osculo
426 1471 565 1555 putori«
601 1474 717 1555 postea
739 1471 856 1536 nudari
879 1472 983 1537 filium
1002 1475 1101 1556 etque

140 1558 174 1622 in
189 1562 362 1641 conspectu
376 1558 518 1624 iudicum
533 1559 688 1625 constitui
702 1561 876 1645 coegissetq
891 1564 987 1644 atquo
1000 1560 1101 1625 inter·

87 1663 120 1713 15
139 1651 283 1731 rogaret,
312 1668 353 1711 an
376 1647 432 1712 ille
455 1647 592 1713 maritus
616 1652 715 1732 osset,
743 1649 799 1732 qui
821 1648 892 1713 fieri
914 1653 1009 1732 potor
1032 1670 1100 1714 non

138 1739 258 1819 posset.
284 1735 332 1800 Ae
351 1736 524 1801 sitantum
541 1737 600 1821 illi,
618 1739 787 1821 temquom
808 1735 965 1816 adultero,
984 1737 1102 1818 inesco

138 1824 228 1907 roris,
247 1825 328 1889 sotis
347 1829 417 1890 eret
434 1826 497 1890 hoc
515 1824 620 1890 dicero
639 1847 699 1910 pro
714 1825 780 1890 filio
794 1830 867 1891 tuo:
891 1830 1002 1908 sputo,
1020 1847 1099 1896 non-

139 1913 215 1977 dum
246 1913 388 1979 habebat
410 1912 522 1978 mariti
544 1914 698 1979 dolorem.
739 1914 779 1979 od
802 1914 937 1979 vulnera
960 1914 1100 1980 adulteri

139 2007 172 2065 ot
195 2003 326 2067 caedem
350 2007 383 2067 ot
405 2001 631 2068 tristissimum
654 2002 820 2068 occidendi
841 2002 983 2067 hominis
1007 2003 1101 2066 mini·

87 2108 121 2157 20
141 2093 274 2156 sterium
297 2113 417 2177 magno
441 2092 582 2175 quodam
604 2092 728 2175 impetu
751 2095 785 2156 et
807 2087 859 2178 (ut
881 2091 930 2156 sic
947 2089 1100 2176 dixerim)

138 2179 248 2245 furore
272 2188 353 2264 opus
377 2185 436 2246 ost
465 2202 525 2245 noc
548 2181 649 2245 miror
673 2201 727 2245 eos
745 2179 912 2262 concitari,
935 2180 991 2264 qui
1012 2183 1100 2245 vote-

139 2289 208 2332 rem
230 2269 431 2334 matrimonii
454 2269 730 2351 consuetudinem,
754 2269 810 2352 qui
831 2267 990 2352 pudorem
1010 2268 1100 2332 cubi·

140 2357 212 2438 culi,
236 2357 292 2440 qui
316 2378 406 2440 spem
429 2355 605 2420 liberorum
628 2360 846 2441 expugnatum
865 2377 935 2423 esso
954 2355 1099 2438 crodunt,

138 2444 193 2525 qui
230 2443 305 2508 illos
343 2444 488 2510 occultos
525 2446 622 2527 atque
658 2444 909 2509 inenarrabiles*
927 2443 1099 2530 potiuntur

84 2547 119 2597 25
138 2535 262 2595 aestus:
284 2552 349 2596 non
373 2534 483 2616 potest
503 2552 635 2596 uxorem
655 2553 746 2597 suam
765 2532 811 2597 sic
829 2531 945 2616 odisse,
969 2533 1025 2616 qui
1043 2532 1099 2598 ed·

137 2619 200 2683 huc
223 2641 331 2684 omero
353 2641 419 2685 non
442 2620 581 2704 potuit«

203 2725 328 2791 Verum
351 2726 402 2791 illi
426 2748 552 2811 qnoque
572 2727 659 2810 porti
677 2728 933 2812 respondendum
952 2732 1011 2813 ost,
1034 2749 1099 2813 qus

138 2814 364 2880 vindicandum
387 2814 530 2900 priorem
551 2815 703 2881 iniuriam
726 2815 827 2882 fuisso
851 2816 941 2901 dicit3
970 2817 1010 2882 do
1033 2838 1099 2901 que

137 2902 242 2984 hodio,
265 2902 342 2966 dum
365 2903 503 2986 abdicat,
532 2904 638 2969 multe
660 2905 868 2971 vehomenter
890 2907 1097 2991 graviterque

83 3008 118 3056 30
137 2991 230 3056 dixit:
260 3013 332 3055 cum
354 2991 461 3076 fieret,
488 2994 627 3058 tacebat.
672 3015 738 3058 non
761 2995 910 3059 existimo
935 2995 1014 3060 odeo
1037 2995 1098 3059 ini-
1156 3000 1164 3017 ⁸

137 3080 256 3145 micum
284 3079 353 3144 filio
382 3101 440 3144 suo
468 3085 609 3165 petrem,
638 3083 784 3167 quamvis
809 3083 949 3167 abdicet,
977 3087 1015 3147 ut
1038 3082 1098 3147 oli·

209 3297 223 3344 1
243 3289 435 3346 levioribusB
459 3291 468 3359 [Ι
488 3297 507 3345 4
523 3290 666 3348 vindicare
684 3296 735 3346 AB
759 3293 768 3362 ll
789 3292 916 3362 possidet
933 3298 973 3345 A·
990 3295 1000 3362 l
1017 3297 1035 3348 ὁ
1054 3292 1098 3348 di-

136 3359 177 3414 xit
195 3366 216 3412 B
234 3364 244 3429 11
263 3360 335 3415 dixit
351 3365 372 3414 B
387 3361 426 3431 118
445 3362 557 3417 licuerit
574 3363 717 3418 adulteros
734 3366 755 3415 B
774 3364 784 3431 ΙΙ
804 3369 835 3416 11
854 3367 945 3418 nocB
968 3365 977 3433 [Ι
1002 3369 1036 3418 14
1052 3363 1097 3420 iu·

132 3431 287 3566 ggqiqmnn
319 3436 328 3501 l
361 3438 394 3487 18
417 3433 563 3488 hubent?
593 3435 602 3502 ΙΙ
636 3440 668 3488 19
693 3433 856 3489 oecideriB
883 3436 894 3502 ΙΙ
921 3439 954 3488 2⁷
979 3434 1047 3502 quio
1064 3439 1096 3506 Δ,
