2392 3862
336 207 654 265 DECLAMATIONES.
681 207 845 264 cccxnlx.
1008 206 1074 271 375

116 375 231 440 merito
260 374 453 439 contemnis:
481 373 614 437 flentem
646 371 822 455 aliquando
854 369 980 453 vidisti3
1007 394 1075 438 non

117 464 252 529 auderes
277 483 427 528 accusare
454 465 591 545 patrem,
620 459 648 524 si
675 459 817 525 timeres.
861 462 912 544 tu,
944 462 973 525 si
996 460 1074 527 inei·

115 553 216 618 disses
245 551 323 636 <in>
350 550 458 634 illum,
493 549 549 634 qui
579 547 728 613 laudatas
761 547 822 612 filii
854 547 905 612 sni
933 550 1073 616 cervices

116 641 312 725 amputavit,
342 640 369 704 si
392 639 560 704 incidisses
584 638 618 701 in
642 636 747 718 illum,
772 636 827 720 qui
850 636 978 702 iudiciis
1001 661 1074 722 pro·

114 731 311 814 pinquorum
339 731 437 812 atque
461 727 638 792 amicorum
662 729 833 790 contentus
855 725 933 810 fuit,
961 727 1075 810 opinor
1094 742 1110 791 5

115 819 286 883 habuisses
310 820 440 900 tempus
464 815 629 900 querendi:
655 814 826 879 habuisses
849 816 987 898 tempus,
1009 838 1076 881 non

115 906 186 971 dico
220 905 382 970 deferendi
410 909 551 989 patrem,
585 903 641 969 sed
668 904 789 969 diutius
811 902 972 988 rogandi?
1026 904 1075 968 illi

114 1017 189 1061 vere
216 995 317 1059 fortes
341 997 374 1058 et
396 993 459 1059 viri
482 993 628 1071 fuerunt,
656 992 712 1076 qui
735 1014 807 1056 cum
827 992 890 1057 hoo
913 993 1075 1058 meminis·

115 1086 200 1164 sent,
233 1082 354 1148 liberos
383 1104 402 1147 a
430 1104 463 1147 se
490 1082 537 1146 rei
564 1078 714 1165 publicae
743 1080 850 1166 gratia
877 1085 1075 1165 procreatos,

113 1173 197 1236 bene
220 1172 352 1255 inpendi
376 1170 581 1236 crediderunt
599 1169 755 1252 exemplo.
793 1189 853 1253 ego
873 1172 982 1235 tacere
1000 1191 1073 1235 oon·
1096 1187 1129 1236 10

113 1265 224 1326 tentus
249 1283 329 1343 sum,
353 1281 426 1324 cum
449 1258 577 1324 exorari
600 1257 744 1324 debeam.
778 1258 824 1323 sie
847 1258 917 1342 agis
941 1280 1075 1341 mecum,

113 1354 282 1432 tamquam
306 1349 415 1431 etiam,
439 1347 468 1412 si
489 1347 684 1432 praestitero
708 1347 783 1431 tibi,
805 1347 881 1431 plus
904 1346 963 1411 alii
987 1347 1074 1412 debi-

113 1440 206 1501 turus
230 1437 284 1502 sis.
330 1435 524 1520 confutabit,
553 1436 678 1520 opinor,
708 1435 946 1521 indulgentiam
970 1458 1075 1500 meam

114 1525 170 1588 ille
194 1525 318 1608 melior,
341 1525 397 1589 ille
419 1525 538 1590 mitior.
571 1532 631 1610 ego
656 1546 732 1590 vero
750 1524 878 1589 facilius
898 1523 1075 1610 frangerer,

115 1615 143 1677 si
166 1613 223 1677 ille
246 1615 447 1679 irasceretur.
478 1613 604 1697 aliquis,
625 1634 698 1678 cum
716 1613 785 1693 filia
803 1612 890 1678 illius
910 1617 1006 1698 rapta
1024 1615 1076 1697 sit,
1097 1630 1129 1680 15

113 1704 182 1766 tam
207 1703 272 1768 cito
296 1706 447 1768 exoratus
471 1702 542 1767 est?
580 1703 652 1787 quis
677 1706 728 1767 est
750 1702 806 1766 ille
829 1706 898 1766 tam
922 1703 1075 1767 demens?

113 1791 191 1875 quid
215 1796 264 1857 est
287 1790 385 1873 istud,
409 1791 494 1875 quod
516 1791 608 1856 vobis
631 1790 770 1855 nimium
793 1791 966 1856 convenit?
999 1790 1076 1874 quid

113 1883 164 1945 est
188 1880 289 1963 istud,
319 1880 405 1964 quod
435 1879 491 1944 ille
515 1900 549 1944 se
572 1879 733 1962 accepisse
756 1879 909 1943 iniuriam
932 1900 998 1944 non
1019 1901 1077 1962 pu-

111 1969 183 2033 tat?
217 1969 303 2052 quod
326 1968 437 2033 omnia
460 1968 507 2032 sic
531 1966 609 2052 agit,
631 1967 915 2050 tamquam<n0n>
924 1970 1075 2032 exoratus

114 2059 190 2120 ante
216 2057 417 2120 tricesimum
441 2055 549 2120 diem?
1094 2073 1128 2122 20

180 2143 284 2227 „Quid
307 2143 408 2227 ergo?
436 2144 557 2228 inquit3
581 2141 747 2208 occides?“
791 2141 916 2227 Debeo,
946 2144 1075 2228 siquid

113 2232 148 2296 in
180 2253 231 2297 me
262 2232 362 2297 fuerit
388 2232 484 2297 fortis
513 2231 628 2314 animi,
662 2232 690 2296 si
718 2231 795 2316 quid
818 2231 948 2297 virtutis
971 2233 1074 2298 incor-

112 2323 239 2404 ruptae:
262 2321 394 2386 faoiam:
418 2321 511 2385 duret
530 2321 755 2386 tantummodo
775 2320 915 2405 animus3
937 2342 1004 2387 non
1023 2321 1074 2387 de·

112 2409 229 2494 ficiam,
253 2431 319 2474 non
341 2409 501 2475 deflectar.
535 2409 713 2475 etiamnum
736 2409 832 2475 fortis
852 2432 938 2493 sum3
963 2411 1074 2476 etiam·

111 2521 191 2563 num
208 2520 306 2583 posse
324 2499 449 2564 videor:
469 2498 526 2564 sed
545 2501 720 2583 supersunt
738 2498 815 2563 dies.
845 2520 913 2564 non
925 2498 1075 2564 blandior
1094 2515 1129 2565 ao

111 2588 187 2652 tibi:
220 2588 338 2653 cotidie
369 2610 420 2652 me
449 2588 564 2654 hortor
592 2591 625 2652 et
651 2587 775 2672 instigo
800 2589 943 2652 animum
966 2610 1075 2654 meum

114 2681 147 2739 et
169 2679 276 2742 totam
299 2677 430 2742 sceleris
455 2677 502 2742 tui
525 2675 766 2742 deformitatem
790 2698 877 2761 pono
901 2681 977 2742 ante
1001 2698 1076 2743 ocu·

112 2764 162 2828 los
187 2770 220 2829 et
241 2765 322 2830 illud
344 2765 452 2830 nescio
476 2765 564 2851 quid,
587 2765 673 2850 quod
696 2766 900 2849 persuasioni
923 2788 1014 2831 meae
1028 2788 1077 2831 re·

114 2856 252 2938 pugnat,
275 2854 350 2918 volo
374 2854 573 2938 perdomare.
609 2855 690 2918 bene
713 2852 803 2938 facis,
826 2854 912 2939 quod
935 2876 1077 2920 accusas.

184 2999 201 3047 3
220 2990 292 3066 (in)
309 2994 368 3048 Aer
380 2993 391 3061 ΙΙ
404 2993 446 3047 tui
464 2997 484 3045 B
499 2995 508 3062 ΙΙ
522 2999 538 3048 6
552 2994 727 3048 commentus
740 2998 761 3046 B
775 2997 814 3063 117
835 2993 956 3049 defero
970 2998 993 3047 Δ
1007 2997 1016 3065 ΙΙ
1031 2993 1077 3048 dic

111 3063 154 3118 ius
176 3067 197 3115 B
221 3066 231 3132 ΙΙ
254 3068 270 3117 8
290 3066 334 3118 set
351 3068 374 3115 Δ
396 3066 406 3134 fl
430 3070 462 3118 17
481 3063 571 3132 *quid
594 3066 638 3118 est
660 3064 729 3118 illud
755 3065 831 3133 quod
855 3064 935 3120 nobis
957 3063 1077 3119 nimium

112 3138 157 3203 (-
174 3134 322 3189 minimum
339 3134 396 3189 Aer
412 3139 455 3202 -)
475 3133 606 3190 convenit
623 3138 657 3204 B,
677 3151 727 3190 om.
746 3140 770 3187 Δ
782 3137 792 3206 ΙΙ
807 3135 869 3203 quis
888 3139 911 3188 Δ
925 3137 935 3204 fl
950 3140 982 3189 18
1002 3135 1075 3191 acci·

111 3204 188 3275 pisse
208 3209 233 3258 Δ
245 3207 255 3275 ΙΙ
269 3211 302 3260 19
322 3205 397 3274 quod
416 3222 462 3260 om
482 3206 523 3260 sio
542 3207 588 3275 ΔΙΙ
603 3210 636 3260 19
654 3205 752 3279 (non)
770 3206 814 3261 Ro
827 3209 837 3275 [l
851 3212 885 3260 20
908 3206 990 3261 uerba
1008 3208 1075 3262 ante

110 3275 285 3332 tricesimum
309 3276 384 3332 diem
406 3277 535 3332 videnum
557 3295 576 3332 a
593 3278 685 3332 scriba
708 3278 853 3332 schemate
870 3277 987 3332 inducta
1009 3279 1020 3359 t
1041 3283 1075 3332 20

109 3345 300 3403 tdocuimum
317 3351 354 3415 A,
382 3346 559 3417 trigesimum
577 3352 598 3400 B
615 3349 625 3419 ΙΙ
646 3354 680 3402 21
700 3347 805 3402 occidis
824 3351 915 3417 31123
935 3347 1075 3403 animisB

132 3436 136 3441 ·
226 3482 230 3487 ,
276 3422 313 3475 24
330 3418 470 3475 deficiam
488 3423 512 3472 A
524 3421 534 3489 Ι
547 3424 583 3474 24
601 3418 682 3474 fortis
697 3418 770 3490 rum]
786 3418 972 3473 fortissimum
990 3418 1076 3492 Mt

86 3498 90 3505 “
385 3504 402 3545 c
419 3489 512 3560 mr
530 3492 635 3545 tortam
654 3491 773 3559 Α31129
793 3491 868 3558 qnod
887 3506 937 3546 om.
956 3494 976 3542 B
