2392 3862
131 234 195 299 148
392 210 398 221 ‘
495 230 723 298 oururrumru

130 421 207 464 rem.
251 397 324 461 ideo
348 396 434 460 enim
452 417 510 460 vos
536 395 733 474 sustulimus,
755 399 797 458 ut'
815 394 910 460 nobis
935 394 1091 478 obsequa-

130 487 218 570 mini,
242 489 275 550 et
298 488 385 549 certe
407 484 516 549 nullus
536 483 719 549 excusatius
743 487 872 567 apatre
895 504 962 550 non
974 485 1091 568 proba·

129 574 232 657 bitur,
260 595 358 658 quam
386 574 442 656 qui
468 594 535 638 non
562 574 679 657 probat
701 576 839 656 patrem.
885 572 1009 638 scilicet
1030 595 1091 638 nos

131 663 237 744 stulti,
268 662 323 745 qui
345 662 465 746 forum,
495 661 713 746 reipublicae
737 660 932 745 dignitatern
954 664 1093 727 tuemur.

97 750 257 817 ediscede
281 751 322 816 ab
346 751 527 835 insipiente,
551 751 592 814 ab
615 750 739 816 insano.
847 767 849 771 ’

199 837 262 904 Sed
280 861 346 904 non
363 860 494 904 necesse
512 838 627 922 habeo,
649 838 779 921 iudices,
798 837 853 902 diu
867 840 1092 905 commendare

132 929 225 994 vobis
254 928 361 993 officia
389 927 513 1010 civilia,
540 926 575 991 in
603 927 719 1011 quibus
752 927 817 991 iam
850 927 904 992 diu
934 928 1093 993 satisfeci:

19 1079 22 1082 ,
133 1019 239 1082 omnis
258 1017 340 1081 mihi
359 1016 443 1081 actio
461 1017 496 1080 in
515 1015 716 1100 dispicienda
734 1015 803 1080 vita
821 1016 882 1080 filii
904 1018 1014 1101 posita
1032 1021 1092 1083 est.

131 1105 251 1190 videte,
283 1109 321 1170 ut
353 1105 417 1170 alia
449 1107 589 1189 taceam,
618 1104 769 1170 habitum
796 1106 914 1189 ipsum.
968 1108 1093 1172 ceteros

80 1195 232 1277 monim,
256 1216 338 1278 quos
361 1193 512 1258 abdicant
534 1197 653 1279 patres,
677 1193 747 1258 sine
769 1194 955 1258 narratione
979 1194 1094 1278 culpae

132 1283 282 1348 abdicare
300 1304 367 1347 non
384 1285 533 1367 possunt:
552 1283 586 1347 in
602 1283 665 1348 hoc
683 1282 750 1347 filio
770 1283 849 1348 satis
864 1286 915 1346 est
929 1283 969 1348 ad
984 1283 1093 1348 odium

132 1373 281 1437 habitum
301 1371 478 1436 ostendere.
511 1371 583 1455 quis
603 1374 654 1436 est
672 1371 734 1436 iste
752 1371 814 1436 filii
831 1370 985 1436 habitus?
1009 1393 1094 1456 quae

132 1460 264 1525 sordes?
303 1459 378 1544 quid
411 1460 494 1524 mihi
525 1459 608 1525 hanc
640 1459 799 1525 invidiam
829 1458 924 1541 facis,
956 1464 992 1525 ut
1019 1482 1093 1526 cum

132 1548 254 1612 habeas
286 1553 426 1632 patrem,
459 1549 565 1614 cibum
598 1549 639 1613 ab
672 1548 745 1613 aliis
777 1547 892 1632 petas?
940 1549 1094 1615 adversus

82 1651 115 1703 15
134 1637 299 1701 fortunam
326 1642 359 1700 te
388 1638 538 1702 exerces?
581 1636 658 1723 quid
687 1637 774 1701 enim
797 1636 939 1702 accidere
962 1638 1094 1722 gravius

134 1725 266 1809 potest?
288 1725 401 1809 frigus,
420 1725 540 1791 famem
559 1725 690 1811 pateris,
713 1724 903 1811 nequando
923 1725 1094 1792 accidant?

134 1820 167 1879 et
189 1814 261 1879 ideo
286 1814 409 1898 aliquid
432 1815 568 1898 pateris,
595 1835 636 1878 ne
660 1814 789 1899 quando
812 1813 1003 1897 patiendum
1027 1815 1093 1880 sit?

133 1925 191 1967 vos
206 1925 283 1967 vero
302 1924 386 1968 novo
406 1924 523 1988 genere
543 1902 687 1968 ambitus
701 1902 949 1968 admirationem
963 1903 1096 1969 miseria

133 1993 281 2077 captatis.
330 1992 405 2057 inde
431 1992 490 2057 illa
518 1991 726 2077 inpudentia,
754 1991 840 2076 quod
868 1992 1095 2058 verecundiam

79 2095 114 2144 ao
133 2081 219 2146 inter
256 2081 393 2147 crimina
429 2080 551 2166 ponitis
584 2081 647 2165 †et
679 2080 934 2164 appellationem
968 2102 1096 2165 quoque

132 2171 255 2254 passim
268 2192 372 2255 nuper
381 2171 514 2234 dedistis
524 2171 557 2254 †.
572 2170 677 2234 omnis
687 2191 762 2234 vero
773 2168 999 2253 philosophiae
1009 2173 1095 2234 trac·

132 2263 221 2322 tatus
247 2259 371 2324 alienus
396 2258 542 2324 moribus
565 2262 694 2323 nostrae
718 2258 862 2323 civitatis
884 2261 942 2323 est
982 2262 1094 2322 tamen

133 2347 243 2428 utique
267 2347 446 2429 placuerat:
479 2367 585 2410 norme
609 2346 692 2409 aliae
716 2350 821 2411 sectae
844 2346 1017 2411 iustiores?
1046 2350 1093 2410 at-

133 2433 281 2497 tenderes
309 2433 473 2517 Physicis3
503 2454 686 2518 quaereres,
713 2439 864 2499 utrumne
892 2434 976 2518 ignis
1006 2438 1094 2499 esset

80 2537 114 2586 aa
133 2522 263 2585 initium
286 2544 403 2601 rerum,
426 2545 468 2588 an
492 2544 568 2587 vcro
591 2522 727 2588 minutis
752 2523 857 2588 editus
881 2526 914 2586 et
934 2523 1091 2588 mirabili·

134 2611 194 2674 bus
223 2610 390 2675 elementis
414 2613 588 2696 perpetuus
614 2610 667 2675 hic
695 2610 847 2695 mundus,
876 2633 918 2675 an
946 2611 1096 2678 mortalis

50 2768 54 2777 ¹
135 2703 230 2764 esset.
278 2697 430 2764 Viderint
462 2699 532 2764 alii:
562 2719 622 2784 ego
655 2699 690 2764 in
721 2703 754 2764 te
786 2700 871 2765 hanc
903 2701 1096 2785 patientiam

134 2787 273 2872 torporis
297 2787 381 2853 ferre
400 2811 467 2855 non
484 2810 627 2873 possum.
664 2789 699 2853 in
718 2789 799 2853 alias
818 2792 851 2853 te
865 2782 944 2872 'spes
964 2789 1095 2874 sustuli3

135 2876 173 2939 de
197 2875 357 2959 dignitate
381 2880 439 2943 tua
461 2876 655 2961 cogitabam.

206 3093 221 3140 2
242 3089 388 3141 excusatus
406 3091 427 3138 B
446 3089 455 3158 11
473 3093 491 3141 4
511 3087 650 3157 dignitate
668 3087 809 3141 intuemur
826 3091 847 3140 B
864 3090 875 3157 1
895 3094 910 3142 6
930 3087 1000 3143 abeo
1019 3090 1043 3138 A
1056 3087 1065 3155 11
1081 3093 1096 3142 ἵ

136 3159 260 3213 civiliam
280 3163 321 3210 Aa
337 3158 346 3226 11
365 3162 382 3211 8
401 3158 461 3228 dis>
478 3163 501 3210 A
519 3160 577 3229 1114
597 3159 697 3228 cybum
716 3158 840 3226 itemque
859 3158 971 3240 saepius
989 3157 1033 3226 1111
1047 3174 1096 3227 pe·

135 3231 187 3284 tas
206 3229 247 3283 IN
266 3227 422 3285 CYNIOOS
441 3229 504 3285 adv.
523 3235 546 3282 A
569 3232 578 3301 11
604 3235 636 3285 17
655 3229 735 3285 ideco
754 3234 777 3281 A
800 3231 809 3300 11
832 3227 962 3299 patensis
980 3233 1021 3282 Aa
1038 3231 1097 3312 1118

136 3301 330 3355 adorationem
348 3305 410 3368 AB,
440 3317 508 3357 corr.
527 3300 572 3357 Ro
594 3303 603 3372 11
626 3306 731 3356 20—21
750 3302 866 3367 fortuma
884 3299 1100 3370 *appellatione

136 3387 246 3438 quoque
272 3372 394 3453 pessima
418 3371 590 3443 perdidistis;
624 3372 843 3442 appellationem
866 3388 912 3438 qu.
937 3370 1098 3440 passionum

135 3441 299 3509 perdidistis
320 3443 376 3497 Obr
389 3446 398 3514 11
412 3448 448 3497 24
465 3443 550 3498 fisicis
568 3449 599 3510 A,
618 3443 734 3514 phisicis
747 3447 825 3494 B-l’
838 3442 848 3511 11
861 3446 895 3495 25
913 3440 1098 3497 mutabilibus

135 3511 202 3581 11011
217 3518 250 3566 at
270 3513 392 3569 viderint
410 3517 439 3570 te
457 3515 492 3568 al.
512 3517 603 3586 Ρ1128
622 3513 745 3584 corporis
764 3516 821 3579 AB,
839 3526 909 3566 corr.
931 3511 975 3568 Ro

650 3619 668 3672 Ι
