2392 3862
326 213 645 271 DECLAMATIONES.
660 214 901 272 CCCLXXXVIII.
1018 216 1084 282 435

125 376 266 459 numine,
290 376 375 460 quod
397 378 493 443 rebus
516 377 676 463 humanis,
700 378 798 443 etiam
818 401 882 462 qua
899 400 966 443 non
986 401 1083 463 appa·

124 468 187 548 ret,
209 461 400 550 intervenit)
427 486 561 551 peregre
582 456 773 552 negotiaridi
798 488 896 532 causa
917 466 1082 551 profectus

125 557 189 618 esi:
209 574 281 617 eum
300 551 384 618 forte
403 554 492 619 videi
508 577 645 638 puerum
658 555 830 620 venalibus
843 555 1082 639 interpositum,

125 641 221 705 simul
245 645 278 706 et
301 642 435 727 agnovit
458 647 491 707 ei
513 643 644 729 agnitus
668 647 724 709 est.
761 643 865 727 aquis,
888 643 1004 727 inquit,
1027 665 1082 708 vo·

123 729 175 795 bis
202 731 359 814 narravit,
388 731 424 795 in
451 753 532 814 quas
554 735 660 797 ierras
684 732 809 797 delatus
832 731 958 797 essem?
1003 749 1117 798 nume

123 818 197 883 avia
219 817 345 884 vivier«
368 818 479 903 itaque
501 819 619 886 habuit
640 842 720 904 puer
743 820 951 904 adsertorem,
975 820 1081 885 adser-

121 908 176 971 tor
194 927 395 991 sponsorem,
417 907 607 993 peregrinus
627 909 811 991 advocatos,
835 929 908 973 oum
926 909 997 992 ipse
1015 908 1083 972 vul·

121 998 175 1059 ius
200 1016 330 1059 eausam
353 996 568 1080 ingenuidatis
592 1018 670 1062 suae
693 1000 818 1083 ageret:
849 997 954 1061 filium
976 996 1082 1080 istius,

122 1082 200 1166 quid
222 1082 312 1148 aliud
335 1083 453 1168 dicam,
475 1107 572 1169 quam
596 1084 825 1171 agnoverunt?
866 1106 925 1149 nec
948 1085 1081 1148 mirum:

120 1170 204 1236 nihil
223 1175 295 1236 erat
314 1172 493 1238 confusum.
521 1172 626 1239 fateor
644 1174 784 1240 multum
802 1172 984 1238 absentium
1003 1193 1079 1256 quo·
1100 1190 1133 1240 10

121 1281 182 1343 que
204 1260 367 1343 profuisse
390 1261 538 1345 nomina,
561 1283 633 1328 eum
657 1262 846 1346 diceremus,
868 1260 991 1326 >habet
1013 1283 1079 1326 ma

120 1352 214 1432 irem,
235 1347 336 1413 habet
359 1349 492 1414 aviam«
521 1350 557 1414 in
575 1372 641 1416 una
658 1371 702 1435 re,
724 1350 855 1434 iudices,
879 1349 1008 1413 mentiii
1028 1371 1079 1412 su·

120 1456 202 1500 mus.
247 1436 487 1502 adfirmavimus
511 1439 597 1502 enim
620 1438 779 1522 futurum,
807 1442 844 1502 ut
867 1437 954 1502 hune
975 1440 1080 1501 mater

119 1528 317 1609 agnosceret.
1063 1566 1065 1570 ,

188 1612 346 1699 [Argume
370 1617 428 1696 da]
465 1613 559 1680 Bona
581 1619 719 1700 paterna
741 1615 808 1680 filio
832 1616 917 1699 pedo.
1098 1628 1130 1678 15

117 1788 140 1852 h
185 1700 272 1785 „Sed
300 1724 374 1789 ego,
401 1703 522 1787 inquit,
549 1703 643 1768 heres
673 1703 773 1770 sum.“
819 1701 882 1768 Sed
909 1702 962 1768 hio
989 1703 1079 1786 prior

142 1811 221 1855 eres.
528 1797 536 1815 ⁴

118 1966 159 2031 ι
182 1877 766 2032 aequuum
782 1878 1077 2050 ιιιιιιιι

117 2059 206 2120 ratas
229 2054 353 2119 vivunt.
375 2055 481 2138 „visis
503 2054 618 2139 inquii,
639 2054 755 2139 piratis
773 2053 905 2119 relictus
924 2052 1075 2118 fluetibus
1095 2068 1130 2118 20

117 2142 254 2207 obrutus
283 2141 360 2206 θεὴ(ι
405 2141 482 2227 quid
512 2142 584 2207 ais?
616 2140 772 2210 relictus?
806 2141 866 2206 ulli
888 2146 993 2206 metus
1017 2141 1077 2206 filii

117 2230 307 2295 memoriam
334 2230 397 2296 eibi
428 2230 616 2295 excutiunt?
662 2233 802 2295 matrem
829 2251 896 2295 uon
926 2249 1077 2314 agnosco.

118 2319 276 2404 quaedam
296 2319 450 2384 animalia
468 2319 539 2402 ipso
554 2340 610 2385 ore
629 2319 663 2383 in
681 2319 834 2402 perieulis
853 2317 979 2383 catulos
999 2338 1075 2382 suos

117 2407 319 2473 transferunt
345 2429 509 2492 novasque
531 2407 598 2472 illis
621 2407 826 2493 indulgentia
850 2428 965 2471 manus
989 2427 1075 2471 eom·

116 2501 226 2561 menta
253 2500 315 2560 esi:
344 2497 459 2562 noxios
487 2496 611 2580 alioqui
638 2518 765 2562 morsus
787 2495 863 2560 huic
885 2496 943 2559 uni
966 2494 1073 2560 officio
1092 2508 1126 2558 25

115 2585 279 2670 miiigani.
306 2584 501 2670 nidulorum,
524 2585 553 2650 si
570 2585 776 2669 infestamur,
799 2584 912 2651 erebra
934 2583 1074 2651 mutatio

116 2676 175 2737 est.
198 2695 257 2738 nee
281 2673 455 2759 quidquam
475 2695 577 2758 usque
597 2695 635 2740 eo
654 2673 759 2738 ferum
780 2677 839 2757 esi,
861 2675 899 2736 ut
917 2693 984 2737 non
1002 2693 1074 2736 cum

114 2761 271 2847 progenie
295 2784 355 2826 sua
373 2763 506 2846 migret:
529 2761 610 2827 adeo
627 2761 704 2845 illis,
727 2762 845 2847 quibus
864 2761 1009 2825 omnium
1027 2782 1074 2824 re-

115 2871 187 2914 rum
211 2850 396 2915 intellectus
420 2855 558 2936 negatus
579 2853 637 2934 esi,
659 2849 713 2914 hie
730 2852 842 2914 damen
860 2847 1005 2913 adfectus
1024 2870 1074 2912 re-

185 3047 201 3095 3
221 3041 329 3096 videret
347 3044 390 3111 Βιι
404 3040 551 3096 venatibus
569 3043 615 3110 Διι
631 3047 648 3095 4
667 3040 802 3110 cognovit
819 3041 862 3109 Ριι
877 3045 910 3093 13
929 3039 1003 3091 hunc
1021 3053 1071 3092 om.

114 3114 278 3181 31114-15
297 3115 463 3182 agnosceret
480 3113 610 3181 arguffiia
626 3111 700 3166 bona
718 3112 776 3180 pat.
797 3116 843 3166 ete.
858 3114 889 3177 Δ,
909 3110 1074 3178 agnosceret

113 3183 188 3237 bona
204 3186 273 3251 pai„
295 3183 392 3238 emisso
410 3183 575 3252 argumenta
592 3187 613 3235 Β
636 3183 645 3252 Ιι
670 3189 703 3236 16
722 3182 793 3236 haec
811 3184 831 3231 B
850 3181 860 3248 ΙΙ
879 3184 912 3232 18
931 3178 1006 3248 perit
1023 3183 1046 3230 Δ
1063 3178 1073 3250 Ιι

114 3259 147 3308 19
167 3270 271 3308 arees
295 3259 318 3306 A
354 3254 363 3322 Ιι
400 3253 548 3308 arcersiius
567 3258 603 3321 A,
626 3253 819 3307 arcessitusB
856 3253 865 3321 ιι
901 3255 934 3303 21
958 3248 1072 3303 relictus

113 3323 208 3380 amore
227 3325 287 3398 galis
305 3323 392 3379 etiam
410 3324 477 3378 feris
495 3323 586 3378 mulii
604 3324 698 3379 valere
717 3323 768 3376 ulli
788 3326 834 3376 ete.
846 3320 1071 3392 ΔΝΜ-2500111-

111 3413 245 3468 mendata
262 3416 303 3466 aa
316 3414 326 3483 ιι
339 3417 444 3467 rs-ea
461 3416 492 3463 Ν
508 3418 531 3465 a
544 3414 554 3482 ι
568 3417 602 3467 aa
622 3410 710 3481 aliqui
722 3416 745 3463 a
759 3412 768 3480 ιι
782 3415 816 3464 es
836 3393 936 3464 deii
949 3409 958 3478 ιι
972 3413 1006 3462 ae
1025 3423 1072 3462 ne-

111 3485 196 3554 gatus
214 3500 264 3539 om.
283 3491 303 3536 1³
855 3568 912 3622 w
1053 3522 1167 3640 ‘
