2392 3862
166 244 230 309 108
530 240 755 309 QUINTIHANJ

164 408 230 472 adii
248 407 470 492 magistratus,
493 406 663 472 fortiorem
681 406 809 490 puellae
828 426 940 470 vocem
957 406 1127 493 imperavi,

164 497 240 580 quia
262 498 367 559 tutum
392 494 483 560 erat?
529 515 588 579 ego
617 515 692 559 vero
716 498 805 560 totos
828 495 863 558 in
886 494 1028 558 medium
1051 517 1125 579 pro-

163 584 233 648 fero
258 583 416 649 adfectus:
439 606 499 649 000
521 582 603 646 mihi
624 582 659 647 in
682 582 879 668 cogitatione
898 587 969 646 tum
987 583 1040 647 lex
1053 582 1126 669 fuit,

163 693 221 736 nec
253 673 325 736 iura
358 673 499 756 respexi,
531 671 587 736 sed
621 692 703 755 quae
735 671 885 755 proxima
915 671 1126 737 vindicandae

129 776 144 824 5
163 760 303 825 infelicis
326 761 412 826 filiae
435 761 489 826 via
507 759 656 842 occurrit,
678 759 764 824 hanc
783 759 917 842 intendi,
938 759 1023 838 hanc
1037 781 1127 825 secu-

164 853 218 912 tus
242 871 326 913 sum:
358 848 440 913 bene
464 848 575 929 cessit,
603 847 689 932 quod
713 851 747 912 et
768 847 870 912 licuit.
916 868 985 932 age,
1009 849 1037 912 si
1059 870 1126 913 non

163 935 364 1021 habuissem,
395 957 492 1020 quam
520 936 686 1001 educerem
713 935 755 1000 ad
777 935 1003 1020 magistratus,
1035 937 1126 1002 cuius

164 1025 234 1090 vice
257 1047 309 1089 rne
331 1025 518 1090 ulciscerer:
541 1045 608 1089 non
630 1024 665 1088 in
683 1023 823 1108 publico,
845 1024 965 1111 non-in
982 1023 1055 1089 foro
1073 1024 1125 1089 his

164 1134 216 1176 me
249 1113 406 1177 senilibus
438 1113 590 1178 manibus
618 1111 853 1177 vindicassem?
902 1116 953 1196 tu,
983 1113 1126 1199 fortuna,

111 1217 144 1265 10
163 1200 262 1265 facies
291 1202 375 1285 quod
404 1202 592 1267 occurrerit:
623 1202 690 1265 iam
712 1222 780 1265 non
802 1204 897 1284 potes
920 1201 1060 1285 efficere,
1087 1205 1126 1266 ut

162 1289 337 1372 paeniteat
382 1289 483 1354 filiam
511 1289 649 1373 perdidi:
677 1289 743 1354 scio
767 1288 830 1353 hoc
852 1289 1024 1355 minimum
1054 1311 1126 1354 esse

162 1378 321 1443 malorum
336 1399 489 1443 meorum.
517 1381 601 1458 sunt,
620 1378 676 1461 qui
695 1377 924 1462 gravissimum
943 1377 1127 1443 existiment

162 1466 274 1529 unicos
301 1466 450 1551 perdere,
483 1469 516 1530 00
543 1466 692 1549 quotiens
720 1486 786 1530 non
807 1464 951 1530 habeant
974 1465 1015 1530 ad
1038 1467 1125 1550 quod

163 1553 316 1617 solatium
338 1554 515 1638 respiciant
538 1555 751 1637 calamitates,
779 1553 906 1619 videtur
932 1554 1001 1619 sine
1024 1554 1125 1619 medi·

109 1657 143 1704 10
162 1641 235 1705 cina
254 1641 359 1706 dolor:
377 1642 440 1707 hoc
459 1642 588 1727 gravius
609 1648 667 1726 est,
685 1642 817 1727 iudices,
835 1642 969 1727 perdere
984 1643 1125 1708 alteram

163 1750 180 1793 e
199 1730 347 1812 geminis.
383 1730 500 1795 cotidie
519 1730 600 1795 mihi
620 1731 760 1796 occurrit
777 1731 886 1814 imago
905 1731 1028 1796 funeris
1048 1733 1125 1816 mei3

162 1839 230 1900 000
250 1820 355 1904 magis
378 1819 488 1903 placet
509 1818 595 1884 filiae
616 1819 818 1900 verecundia,
841 1841 905 1903 quo
924 1820 1030 1904 magis
1049 1814 1151 1903 pro—⁰

161 1906 257 1990 bitas,
275 1907 338 1973 hoc
352 1908 491 1973 validius
506 1908 648 1973 subeunt
661 1908 890 1992 cogitationes:
909 1909 1010 1973 talem
1024 1909 1125 1975 miser

161 1996 295 2078 perdidi.
338 1997 366 2062 si
388 2001 499 2061 tamen
521 1996 584 2061 hoc
606 1997 722 2061 vulnus
745 1996 910 2061 intulisset
931 1997 1073 2080 fortuna,
1097 1999 1125 2062 si

110 2099 143 2148 00
162 2104 267 2170 00000,
290 2087 453 2151 communi
476 2086 688 2151 mortalitatis
712 2085 898 2150 condicione
918 2085 1041 2150 solarer
1059 2107 1125 2150 me:

161 2194 248 2238 nunc
279 2174 379 2240 miser
405 2175 506 2239 filiam
532 2174 696 2259 quomodo
728 2172 875 2258 perdidi?
907 2176 984 2239 aute
1015 2174 1126 2240 omnia

161 2282 220 2326 nec
243 2262 413 2346 virginem,
436 2284 496 2328 000
519 2267 664 2345 nuptam.
702 2263 812 2346 quales
835 2281 896 2346 ego
920 2261 1033 2327 infelix
1056 2263 1125 2329 vul-

161 2351 225 2431 tus,
248 2371 359 2415 caesos
378 2351 501 2433 alioqui
519 2350 742 2433 laceratosque
762 2372 800 2414 ac
818 2351 935 2435 laqueo
950 2354 1124 2436 tumentes,

160 2440 256 2517 pater
277 2438 358 2501 vidi!
382 2437 438 2520 qui
461 2458 512 2501 me
532 2441 647 2521 metus,
670 2439 724 2521 qui
742 2438 832 2503 intus
847 2443 958 2505 aestus
972 2438 1125 2524 agitant?

110 2539 144 2587 25
165 2544 245 2605 quae
270 2524 333 2590 fuit
355 2525 548 2589 verecundia
570 2525 641 2611 illa,
665 2546 747 2609 quae
770 2527 930 2593 ultionem
953 2531 1124 2612 expectare

232 2736 246 2783 1
265 2731 303 2785 ad
325 2731 784 2804 0οΔ11100000001Δ112000000
803 2739 843 2788 Aa
855 2736 866 2807 11
878 2736 955 2790 totus
973 2740 1025 2807 Aa,
1043 2737 1123 2793 tutos

158 2806 198 2854 Ab
217 2803 259 2870 113
284 2803 351 2856 dum
368 2807 422 2873 Aa,
441 2821 504 2858 cum
523 2806 566 2874 Ρ1
583 2811 601 2858 4
618 2805 742 2874 respexit
760 2809 800 2858 Ab
814 2807 852 2877 ll
873 2822 956 2876 quam
977 2806 1124 2863 edocerem

158 2876 193 2941 A,
213 2889 268 2942 qua
287 2890 332 2928 me
351 2874 482 2930 ducerem
500 2879 521 2927 B
540 2877 550 2946 11
570 2882 603 2931 10
621 2879 717 2944 potest
733 2880 810 2929 3-0
828 2880 838 2947 11
857 2883 890 2932 12
909 2880 975 2932 sunt
993 2877 1042 2946 qui
1060 2894 1125 2949 gra·

157 2945 219 2997 vius
249 2960 308 2999 esse
330 2961 418 2998 unum
440 2947 475 3001 de
498 2946 564 3001 filiis
587 2947 705 3018 perdere
728 2963 812 3017 quam
836 2946 964 3015 unicum,
991 2949 1057 3004 sunt
1074 2950 1125 3018 qni

160 3014 355 3086 gravissimum
383 3022 430 3071 etc.
453 3018 533 3072 babet
556 3022 593 3087 A,
620 3019 765 3084 manifesto
787 3035 821 3073 cx
838 3020 963 3088 marpinr
981 3020 1126 3090 archetypi

160 3088 261 3142 cods'cis
278 3087 360 3142 00000
377 3087 490 3158 gravius
509 3104 619 3143 esse-
633 3088 746 3144 unicum
763 3091 910 3159 recipiens,
929 3092 996 3144 sunt
1013 3090 1063 3159 qui
1079 3106 1123 3160 00-

158 3160 276 3213 miuana
295 3189 329 3199 —
355 3159 396 3213 Ia
418 3159 529 3214 eandem
553 3162 713 3216 000000οί000
735 3161 860 3229 disputat
879 3161 1124 3233 Pseudo-Quieti·

158 3230 251 3284 liunus
274 3231 339 3285 dccl⁴
364 3228 453 3284 VIII
469 3229 541 3301 §22
560 3232 569 3300 11
587 3229 770 3286 *existimant
788 3235 859 3284 ΔΜ
879 3233 936 3303 1113
956 3250 1001 3302 qu.
1021 3249 1077 3288 000
1095 3232 1124 3290 h.

159 3300 273 3368 aliquod
292 3301 422 3355 solatium
441 3316 513 3370 resp.
527 3305 562 3368 A,
583 3320 628 3371 qu.
647 3301 762 3370 aliquod
781 3301 832 3357 sol.
852 3302 927 3373 qnod
945 3307 1047 3374 resp.B
1066 3305 1126 3374 1114

160 3370 330 3426 calamitatis
349 3376 436 3440 ABc,
454 3388 523 3427 corr.
543 3372 587 3428 Ro
609 3375 621 3455 11
644 3379 676 3428 15
700 3378 731 3435 §t
772 3373 891 3430 rarius
910 3374 948 3431 07³
965 3392 1065 3429 unum
1083 3375 1124 3430 dc

153 3439 419 3567 {iliistpepdcere
443 3460 540 3512 quam
564 3460 701 3499 unrcum
719 3391 768 3514 All
781 3450 813 3499 16
833 3460 867 3498 ex
886 3447 974 3514 0122
994 3461 1061 3515 ergo
1079 3447 1125 3514 Β1

211 3527 257 3580 agr
274 3527 320 3566 avr
