2392 3862
153 197 217 263 318
518 193 750 262 uuiunnnni

150 381 273 446 poenas
301 358 462 443 effugisse.
507 358 579 423 ideo
607 377 668 443 ego
696 356 780 422 hanc
810 357 911 423 vitum
935 356 1014 424 olim
1037 357 1126 425 invi·

152 471 223 513 sam
246 451 315 512 tam
340 446 395 512 diu
418 445 494 530 tuli,
522 446 623 513 donec
646 445 733 511 iilius
757 467 847 511 meus
872 450 1054 532 sanaretur,
1078 470 1125 515 ne

151 536 278 602 viderer
302 535 413 621 aliqua
436 534 634 601 conscientia
657 534 740 600 mori
763 534 855 600 velle.

219 624 303 690 Mori
335 625 420 691 volo.
469 624 553 689 nihil
585 645 638 688 me
670 623 871 688 commisisse
903 623 1123 692 manifestum

117 718 212 779 sest.
245 714 366 779 etiam
390 713 471 779 setis
495 712 655 778 rationem
678 711 790 777 videor
808 711 993 779 reddidisse.
1030 711 1124 780 Mori

152 803 226 868 volo
246 824 355 868 senex:
379 801 480 867 habet
499 823 626 867 suosvi
593 801 695 865 victt
642 801 852 866 aterminos:
873 801 949 866 dum
968 783 1123 869 membra

152 891 327 975 sufficiunt,
350 889 482 956 dum1n
506 888 614 955 officio
637 888 723 955 vires
747 892 832 955 sunt
869 893 1121 974 quotamquum-

152 1001 213 1066 que
240 984 368 1064 partem
395 978 501 1044 habeo
530 979 625 1044 viven
626 977 691 1044 tis?
733 999 805 1043 cum
834 976 938 1044 adhuc
960 978 1121 1046 haberem

151 1091 300 1153 uxorem,
329 1067 539 1133 matrimonio
562 1068 634 1133 inut
619 1066 686 1131 tilis
711 1088 814 1146 ersm3
842 1088 902 1132 nec
924 1067 1059 1146 mirum,
1091 1069 1122 1134 si

98 1173 131 1224 10
151 1179 246 1242 quem
269 1156 485 1240 concupivit'
475 1156 649 1220 iuniorem:
676 1154 820 1222 occidere
844 1154 934 1220 adult
920 1158 1027 1221 terum
1049 1177 1122 1223 non

150 1246 253 1333 potui.
284 1267 349 1310 non
373 1244 547 1310 miraretur
570 1267 622 1309 me
645 1245 728 1309 mori
752 1243 845 1328 velle,
869 1245 896 1308 si
920 1244 992 1328 quis
1015 1244 1120 1311 vidis·

152 1339 201 1400 set
232 1333 360 1419 fugient
362 1356 426 1399 em:
457 1336 596 1418 quamt
581 1332 672 1397 tarde
699 1332 775 1398 feci!
801 1331 1010 1398 felicissimus
1037 1332 1122 1399 fuis·

152 1445 229 1508 sem,
248 1422 276 1487 si
294 1445 345 1487 me
364 1423 507 1487 latrones
527 1420 728 1486 occidissent.
751 1420 886 1486 Accedit
903 1420 995 1504 illud,
1010 1421 1118 1488 filium

150 1511 269 1575 habeo:
297 1510 381 1575 mori
404 1511 492 1594 volo,
520 1509 597 1575 dum
621 1510 730 1575 salvus
754 1513 818 1594 est,
849 1509 926 1575 dum
948 1470 1044 1575 ilium
1068 1532 1120 1576 re·

98 1616 130 1666 15
150 1598 297 1682 linquere
329 1599 539 1682 superstitem
573 1620 714 1683 possum.
760 1620 862 1683 paene
889 1598 983 1664 illum
1010 1621 1120 1683 nuper

151 1687 253 1753 amisi.
288 1686 365 1770 quid
382 1686 528 1752 futurum
547 1690 627 1772 erut,
649 1687 677 1752 si
694 1709 762 1753 non
775 1687 956 1772 potuissem
975 1688 1120 1754 sanare?

149 1777 245 1856 bene,
268 1776 324 1860 dii,
347 1776 433 1860 quod
455 1776 525 1843 leve
549 1776 613 1841 fuit
636 1776 767 1841 vulnus!
815 1797 881 1842 non
905 1774 1029 1842 accidet
1052 1776 1118 1842 hoc

149 1864 230 1931 mihi
258 1865 383 1932 iterum.
439 1887 500 1952 ego
530 1866 610 1948 scio,
641 1865 677 1929 in
706 1864 823 1949 quibus
854 1863 1116 1951 cogitationibus

148 1954 275 2020 fuerim.
307 1955 336 2020 si
358 1954 394 2020 in
417 1955 521 2020 maius
545 1954 723 2039 periculum
744 1953 832 2018 filius
851 1975 941 2019 meus
960 1954 1119 2039 venisset,

96 2058 131 2109 20
149 2066 215 2109 non
239 2048 460 2128 expectassem
483 2065 551 2128 vos,
576 2047 613 2108 ut
635 2042 784 2127 perirem.
828 2041 972 2107 nondum
996 2041 1036 2107 de
1060 2042 1118 2107 ed·

149 2134 251 2198 versis
284 2134 413 2217 loquor:
444 2132 525 2198 haec
557 2132 631 2216 ipsu
662 2153 714 2196 me
747 2130 787 2196 ad
816 2134 954 2196 mortem
982 2130 1121 2213 ducunt,

149 2243 232 2305 quae
256 2242 294 2286 ex
317 2225 396 2288 voto
420 2221 638 2306 contigerunt.

215 2307 395 2375 Veniamus
422 2330 509 2375 nunc
532 2308 573 2374 ud
597 2308 755 2393 querelas.
800 2307 920 2373 infelix
942 2329 1029 2373 sum:
1058 2329 1118 2394 pe-

148 2418 241 2498 regre
269 2397 431 2482 proficisci
470 2397 571 2462 volui:
603 2397 746 2462 latrones
779 2396 891 2482 incidi3
920 2396 1028 2463 vivere
1060 2418 1118 2464 me

97 2501 130 2551 25
149 2485 260 2550 miror.
310 2486 446 2551 accessit
473 2485 579 2550 dolor:
611 2486 726 2552 afilio
754 2507 826 2551 mec
856 2448 1003 2551 diductus
1031 2505 1117 2553 sum.

148 2595 215 2638 non
248 2595 365 2657 queror
396 2574 477 2638 de
467 2595 554 2658 ipso:
587 2575 692 2639 omnis
724 2573 806 2639 mihi
837 2574 922 2639 ratio
956 2572 1116 2641 adversus

148 2662 314 2727 fortunam
343 2665 400 2726 est.
452 2661 699 2728 intervenerunt
729 2663 887 2729 latrones.
920 2684 1036 2728 nons
1021 2663 1117 2729 stetit

148 2772 274 2817 mecum
297 2750 398 2836 filius,
426 2773 499 2816 cum
524 2773 584 2836 pro
608 2773 659 2816 me
682 2772 875 2837 pugnarem
903 2751 966 2817 feci
989 2750 1116 2836 aliquid

149 2840 281 2924 etipse
315 2839 483 2906 scelerate:
521 2840 609 2906 solus
641 2861 789 2906 reversus
824 2863 908 2925 sum,
939 2844 1116 2925 tamquam

93 2945 128 2994 30
148 2929 262 2995 scirem
281 2928 385 2996 filium
405 2930 533 2996 salvum
553 2951 631 2995 esse.
654 2929 806 2995 Insecuta
821 2933 871 2995 est
886 2928 951 2995 aliu
963 2927 1113 2996 fortuna:

147 3039 281 3084 uxorem
314 3017 495 3084 adulteram
522 3019 640 3085 inveni.
691 3017 767 3103 quid
801 3017 944 3083 accidere
976 3017 1113 3103 gravius

147 3107 301 3175 huict
248 3111 322 3173 aeta
322 3108 501 3192 tipotuit?
531 3108 619 3173 velut
604 3107 840 3191 texprobrare
863 3106 944 3172 mihi
966 3106 1038 3173 visa
1062 3109 1115 3171 est

218 3269 234 3319 8
253 3263 407 3321 iuventutis
426 3264 518 3334 31115
536 3280 651 3333 passum
669 3269 709 3318 Aa
722 3265 731 3334 ΙΙ
747 3269 780 3318 17
801 3262 911 3320 occidet
929 3263 973 3332 ΒΙΙ
992 3267 1025 3317 21
1045 3276 1113 3317 mes

146 3336 191 3404 ΔΗ
205 3341 240 3390 24
248 3335 330 3418 <in>
348 3335 561 3417 1111.1ᾱᾷ.1115
580 3336 716 3392 deductus
734 3338 803 3387 ΔιΒ
816 3337 826 3405 ΙΙ
840 3341 875 3391 26
892 3332 1027 3408 <0>rutic
1043 3332 1114 3405 Bul!

139 3411 178 3461 28
194 3406 267 3488 feeit
283 3411 338 3461 ΑΒ
355 3408 367 3480 d
387 3412 423 3464 30
441 3405 540 3463 scirem
558 3411 613 3477 Aa
631 3407 730 3463 scirem
749 3406 817 3461 item
837 3407 928 3477 311111
947 3407 981 3461 ut
998 3422 1044 3461 ux
1064 3403 1115 3461 sd.

125 3475 290 3535 invenirem
310 3483 407 3554 11132
427 3481 589 3555 exprobare
605 3485 629 3536 B
