2392 3862
111 227 176 292 398
476 225 707 292 QUINTIUAM

110 389 209 456 illos?
245 389 382 474 nescire,
415 390 489 470 quid
511 387 745 473 pronuntient?
783 387 964 455 etiamnum
994 411 1084 478 ergo

96 500 286 564 ‚suspensos
315 478 455 562 <esse>?
492 500 548 542 cur
575 477 698 542 dimitti
725 477 885 561 postulas,
917 477 947 541 si
974 478 1084 546 iudex

112 567 292 632 deliberat?
334 567 479 650 „plures,
512 567 631 650 inquit,
664 587 717 630 me
749 565 834 631 mori
865 565 1083 634 noluerunt“.

111 656 188 741 quid
207 655 308 740 igitur
327 656 443 739 velint,
466 656 655 738 pronunties
676 657 815 738 oportet.
848 654 980 718 illorum
1003 677 1082 721 sen·

76 761 92 810 6
111 745 248 809 tentiam
273 744 401 829 signare
425 744 512 809 volo:
537 744 706 808 accusator
728 742 864 807 recitare
887 741 939 806 bis
958 744 1082 810 iudici·

111 834 172 897 bus
190 833 276 916 volo,
294 838 332 897 ut
350 832 501 916 habeant,
521 831 606 916 quod
625 833 809 916 sequantur.
836 830 937 916 „Duo,
955 831 1081 919 inquit,

112 922 244 986 exilium
267 920 348 985 mihi
376 919 580 1006 iniungant.“
614 918 684 984 Iam
708 920 809 1004 igitur
831 941 870 984 aa
887 922 981 1003 parte
1009 943 1080 987 una

111 1011 221 1093 plures
244 1009 340 1093 facis3
363 1009 429 1073 iam
452 1010 582 1073 turbam
605 1010 714 1093 istam,
737 1028 819 1091 quae
843 1009 996 1074 universa
1021 1032 1083 1076 no·

112 1102 211 1179 ceret,
235 1097 405 1164 dividendo
431 1098 601 1182 extinguis.
638 1097 701 1162 duo
726 1096 871 1180 exilium,
894 1096 956 1162 duo
979 1098 1081 1183 igno

60 1188 246 1254 taminiam
270 1187 499 1272 pronuntiant:
528 1186 577 1249 vis
601 1205 661 1270 ego
685 1186 759 1250 illos
782 1185 934 1271 iungam,
959 1187 1020 1269 qui
1045 1210 1083 1253 se

112 1276 177 1360 ipsi
201 1274 370 1340 dividunt?
407 1279 569 1340 revertere
595 1296 681 1339 nunc
709 1273 749 1338 ad
777 1274 877 1339 verba
906 1273 1009 1359 legis,
1041 1280 1081 1341 ut

111 1365 210 1448 paulo
234 1368 317 1429 ante.
349 1385 483 1447 »quam
506 1385 680 1447 poenam,
703 1363 818 1447 inquit,
841 1362 963 1428 maior
981 1385 1080 1448 pars

111 1453 280 1518 iudicum
304 1452 523 1517 statuerit«
571 1455 697 1536 partem
721 1451 943 1536 intellegimus
967 1452 1082 1518 eidem

111 1562 247 1604 numero
278 1540 489 1623 adplicatam,
517 1539 788 1624 quemadmodum
812 1539 974 1604 sententia
1000 1563 1081 1607 con·

62 1643 94 1693 16
112 1629 271 1711 iunctam,
300 1629 347 1693 sic
370 1629 474 1693 turba.
508 1629 628 1713 alioqui
652 1628 680 1692 si
702 1629 837 1693 miscere
860 1627 922 1691 tibi
946 1632 979 1693 et
1004 1631 1080 1695 ian·

113 1737 190 1800 gere
214 1717 441 1782 dissentientes
465 1718 551 1802 licet,
574 1739 630 1782 cur
648 1716 709 1781 hos
728 1720 794 1781 tres
814 1716 969 1801 separas?
999 1740 1082 1803 quo·

112 1805 208 1870 modo
233 1806 319 1870 enim
341 1805 376 1870 hi
400 1807 441 1870 ab
466 1805 532 1870 illis
556 1807 709 1890 quattuor
731 1804 929 1888 discrepant,
953 1805 1003 1871 sic
1028 1807 1081 1872 illi

113 1896 198 1959 inter
228 1917 262 1959 se
290 1900 445 1980 pugnant.
492 1914 570 1979 ergo
597 1916 664 1959 non
691 1893 779 1958 idam
807 1893 984 1959 sentientes
1009 1917 1081 1961 non

113 2006 154 2067 po
157 1987 206 2048 tes
229 1984 375 2070 iungere:
409 1983 494 2048 idem
519 1983 694 2047 sentientes
718 2004 878 2066 compara.
924 2002 997 2067 ego,
1022 2006 1081 2069 qur
1070 1984 1078 1998 ⁸

61 2088 94 2137 20
113 2076 252 2137 mortem
274 2072 496 2156 pronuntient,
520 2076 586 2136 tres
609 2071 727 2136 habeo:
757 2070 879 2174 produc
901 2070 988 2154 illos,
1021 2073 1080 2157 qui

114 2161 245 2226 exilium
260 2162 486 2262 pronuntiant:
505 2161 612 2245 vinc03
630 2159 760 2244 produc,
776 2160 831 2245 qui
844 2158 1080 2249 ignominiam?

115 2271 215 2333 aeque
239 2250 342 2315 vineo.
375 2250 520 2315 dubitari
542 2252 652 2335 potest
673 2248 888 2313 valentiorem
912 2268 984 2312 esse
1004 2271 1080 2334 par·

113 2342 192 2421 tem,
224 2359 306 2421 quae
340 2339 520 2422 composita
546 2337 653 2402 neutri
677 2336 939 2419 succumbit,
901 2359 922 2400 ιι
924 2339 1081 2422 tramque

115 2424 270 2508 superat?
307 2425 405 2510 quid?
442 2427 471 2490 ai
499 2427 585 2490 enim
613 2430 769 2509 quattuor
795 2424 881 2489 illi
871 2446 906 2488 ιιι
935 2425 1081 2492 totidem

60 2528 95 2578 25
114 2513 318 2595 disputarent
337 2513 531 2578 sententias:
553 2514 709 2598 numquid
727 2513 804 2579 illos
826 2535 886 2597 pro
900 2534 966 2579 una
979 2519 1080 2599 parte

114 2600 317 2685 opponeres?
347 2622 442 2665 nemo
467 2602 536 2666 sine
560 2600 657 2666 dubio
681 2624 754 2667 oum
776 2601 884 2666 tribus
906 2601 989 2667 meis
1010 2607 1080 2669 sta·

113 2696 178 2772 ret,
202 2689 258 2752 sed
281 2710 376 2753 nemo
404 2689 499 2754 alteri
523 2694 609 2755 esset
636 2690 822 2756 adiunctus:
853 2690 1014 2775 numquid
1039 2714 1081 2759 ex

114 2780 270 2862 quattuor
294 2778 462 2843 sententiis
482 2801 580 2843 unum
600 2800 716 2863 corpus
736 2778 903 2846 efficeres?
929 2780 1080 2847 minime.

115 2870 149 2930 at
172 2865 249 2950 quid
268 2867 318 2930 int
304 2871 413 2952 tt,eres
437 2869 505 2933 bini
529 2889 572 2931 an
591 2867 710 2953 singuli
729 2866 948 2933 dissentiant?
971 2889 1082 2954 aeque

186 3006 516 3076 1pronun01aretnna
536 3008 680 3078 suspectos
698 3010 719 3060 Β
743 3009 754 3078 [Ι
775 3005 878 3080 (esse)
896 3005 941 3062 Ro
967 3008 979 3077 l
1002 3015 1080 3067 4-6

112 3079 266 3134 sententias
285 3081 306 3130 Β
324 3079 334 3149 ΙΙ
352 3082 422 3132 6-6
440 3078 575 3133 iudicium
592 3083 631 3131 Ba
653 3080 701 3160 167
721 3077 838 3148 *aperte
856 3082 904 3130 AB
924 3079 934 3149 ΙΙ
953 3083 987 3132 10
1008 3097 1081 3152 ergo

113 3154 153 3203 Aa
166 3149 197 3219 Μ’
188 3149 333 3218 rniuogam
350 3153 371 3201 Β
386 3150 395 3219 l}
411 3155 442 3203 11
462 3151 491 3204 et
503 3153 524 3201 Β
538 3151 596 3218 1113
609 3148 743 3204 iudrcium
758 3151 948 3219 appaream
966 3153 992 3202 Δ
1005 3150 1017 3221 Ι
1030 3167 1085 3207 eo·

114 3222 177 3275 dem
195 3222 240 3289 ΒΙΙ
255 3226 321 3273 13-
326 3226 359 3274 14
377 3220 488 3275 *eidem
507 3220 556 3275 uni
574 3221 637 3290 adp.
658 3218 694 3290 (9)
713 3220 747 3287 cf.
767 3224 833 3286 402,
848 3224 921 3275 8-9
941 3220 1080 3290 prs-1⁶

114 3292 262 3347 coniuncta
280 3295 300 3343 Β
324 3293 333 3362 ΙΙ
357 3291 509 3346 15-16'1n
527 3307 630 3360 genere
648 3295 672 3343 A
679 3288 887 3360 ,ingererem
906 3306 976 3346 corr.
999 3291 1083 3436 ΟΙἭΙ

113 3369 146 3416 21
167 3362 282 3417 exitium
301 3367 350 3430 Aa,
370 3363 476 3416 exitum
489 3361 533 3431 ΒΙΙ
547 3367 581 3415 23
601 3361 761 3432 conposit
767 3378 784 3416 a
802 3331 961 3430 Assnbutro
978 3365 1004 3417 Β

114 3433 307 3503 discreparent
324 3404 393 3500 der,
414 3433 629 3502 dispartirentur
647 3432 701 3488 Set
723 3434 732 3503 l
755 3437 790 3487 26
810 3448 952 3501 epponem
971 3436 992 3487 Β
1014 3365 1084 3508 ΙΙΒΒ

115 3504 254 3558 efficerem
273 3505 317 3573 ΒΙΙ
330 3509 364 3557 29
384 3503 485 3575 aeque]
505 3519 577 3572 quae
596 3509 616 3556 P
