2392 3862
347 202 668 260 DECLAMA'PIONES.
688 202 843 259 ccnxxll.
1016 203 1080 268 113

118 367 276 450 quantum
298 367 335 429 tu
359 365 460 431 adicis
477 365 528 429 illi
551 364 664 448 animi,
688 366 773 448 quod
795 366 914 431 times?
939 366 995 432 sed
1017 366 1081 431 for·

117 456 203 519 sitan
232 458 265 518 et
292 453 508 519 incautiorem
531 452 622 517 illum
645 453 746 518 faciat
766 454 847 519 haec
864 455 936 539 ipsa
953 455 1080 521 fiducia.

116 541 202 607 Illud
227 542 306 626 seio,
328 542 455 607 favebit
482 541 642 627 pugnanti
668 541 750 607 mihi
768 543 921 627 populus3
945 545 1011 609 scio
1030 544 1080 608 fu-

115 634 236 715 turum,
259 635 296 695 ut
320 631 365 694 dii
388 631 589 696 immortales
609 633 698 697 stent
716 652 776 715 pro
794 637 981 716 meaparte.
1015 654 1081 698 non

117 719 207 784 solus
230 719 313 783 mihi
337 721 424 783 stare
442 719 587 785 videbor:
609 720 737 784 habebo
756 719 792 783 in
809 720 998 785 commilitio
1016 721 1080 786 fra·
1099 738 1115 788 5

115 811 206 872 trum
229 828 376 872 meorum
400 808 533 881 animas.
577 809 606 873 si
629 808 706 893 quid
730 809 837 873 estin
861 808 968 873 animo
992 831 1080 893 prae-

117 897 212 980 sagii,
236 896 264 960 si
288 895 367 979 quid
389 896 423 961 in
446 899 554 962 mente
576 897 658 982 ipsa,
686 898 784 980 spe[i]
808 896 956 979 concipio
980 898 1080 962 victo-

115 985 213 1048 riam:
236 1004 338 1068 neque
357 984 486 1050 aliunde
508 986 589 1052 haec
608 986 788 1070 pertinacia
805 985 904 1051 venit.
926 1007 994 1051 non
1010 1007 1080 1069 pre·

116 1073 209 1137 cibus
232 1072 307 1156 tuis,
330 1095 396 1138 non
419 1073 518 1138 minis
540 1077 674 1140 terreor.

182 1161 314 1245 Alioqui
342 1163 418 1247 quid
452 1163 524 1247 agis
553 1163 733 1229 abdicando
761 1183 827 1246 me,
861 1163 924 1227 nisi
951 1166 988 1228 ut
1015 1184 1081 1228 non
1101 1181 1132 1230 10

115 1269 259 1333 pugnem
289 1251 446 1316 incolumi
474 1273 584 1316 rerum
614 1274 760 1317 mearum
783 1251 893 1316 statu?
926 1252 1079 1336 cogitabo

115 1337 325 1423 devictoris,
348 1340 501 1424 cogitabo
526 1340 564 1404 de
587 1341 739 1407 vindicta.
778 1341 807 1404 si
830 1361 906 1406 vero
926 1362 1000 1405 cum
1018 1341 1080 1406 hac

116 1448 169 1490 me
187 1427 325 1492 infamia
343 1427 497 1514 dimittis·
510 1428 576 1495 iarn
595 1451 680 1496 nunc
700 1430 785 1495 dico:
801 1451 892 1494 arma
906 1429 1079 1494 dimittam.

489 1639 702 1709 ounxxll.

356 1764 358 1768 '
417 1762 552 1832 Orbata
574 1763 772 1848 proditrix.
1098 1782 1132 1832 15
1172 1856 1175 1863 Ι

114 1887 181 1965 Qu
213 1905 378 1956 cousuns
409 1906 560 1955 ruamcn
593 1890 917 1973 <a>nunr1nvna1r,
954 1905 1078 1953 carran

201 1996 388 2043 PUNIATUR.
434 1978 486 2042 Ad
516 1977 820 2062 colligendum'filii
844 1999 961 2061 corpus
984 1981 1079 2042 nocte

204 2067 365 2149 processit
393 2069 506 2129 mater.
551 2066 785 2149 comprehensa
808 2065 849 2130 ab
872 2065 1023 2130 hostibus
1047 2069 1080 2129 et

204 2157 293 2218 torta
312 2153 465 2218 indicavit
484 2153 605 2219 auxilia
622 2153 742 2218 venire.
779 2153 896 2237 quibus
915 2154 1079 2236 oppressis

203 2242 243 2305 de
270 2241 410 2306 vinculis
434 2242 548 2326 cffugit
570 2245 603 2307 et
625 2243 789 2307 nuntiavit
811 2242 993 2306 cuniculum
1017 2244 1079 2328 agi.
1098 2260 1132 2309 20

204 2329 368 2415 oppressis
395 2329 546 2396 hostibus
574 2352 631 2397 rea
658 2335 722 2415 est,
752 2331 837 2416 quod
861 2331 998 2396 consilia
1020 2355 1077 2416 pu·

203 2419 289 2485 blica
313 2419 581 2503 <e>nuntiaverit
619 2419 654 2486 O.
676 2419 717 2485 D.

513 2596 688 2664 SERMO.

179 2720 292 2787 Potior
315 2722 349 2786 in
371 2721 434 2788 hac
457 2743 555 2787 causa
578 2721 813 2806 controversia,
837 2743 933 2806 quam
956 2723 996 2788 lis
1021 2725 1078 2789 est.

110 2811 153 2875 lis
175 2810 264 2899 enim
287 2811 373 2875 circa
395 2833 495 2876 unum
518 2810 643 2876 factum
666 2813 827 2875 versatur:
854 2811 887 2875 in
912 2832 976 2895 qua
1000 2811 1077 2876 illae
1097 2825 1130 2874 ao

112 2903 190 2965 sunt
213 2899 429 2985 quaestiones,
451 2922 493 2964 an
514 2900 578 2965 hoc
602 2899 771 2964 enuntiare
794 2899 859 2964 sit?
883 2922 924 2965 an
946 2900 1076 2964 etiamsi

110 2986 174 3053 hoc
189 2991 239 3052 est
253 2988 428 3071 enuntiare,
444 2987 589 3073 quisquis
605 2987 795 3072 enuntiavit,
813 2989 993 3073 puniendus
1009 2987 1076 3051 sit?

107 3097 154 3169 an
177 3077 256 3141 haec
279 3077 456 3163 punienda,
484 3076 570 3160 quod
593 3076 833 3142 enuntiaverit?
870 3081 976 3141 cetera
999 3094 1076 3137 vero

184 3273 198 3323 1
218 3271 250 3324 tu
269 3268 339 3324 dicis
357 3274 379 3322 B
396 3270 406 3339 ll
423 3276 440 3324 2
459 3269 553 3342 illum]
573 3269 655 3324 illudi
673 3274 696 3322 A
716 3270 726 3339 ll
746 3268 833 3323 faciet
851 3267 891 3336 cl}
910 3272 927 3320 4
946 3264 986 3320 dii
1004 3263 1075 3319 mihi

109 3341 194 3396 mort.
212 3344 233 3392 B
247 3342 257 3412 {l
271 3346 287 3396 5
305 3339 512 3396 commilitio
531 3344 576 3412 ΑΙΙ
591 3348 606 3396 '1
626 3340 696 3411 ipsa,
716 3338 802 3410 spe[i]
823 3337 867 3391 Ro
878 3340 890 3417 J!
905 3343 938 3392 16
948 3335 1075 3410 (c>nun-

111 3411 230 3467 tinuerit
247 3412 288 3467 Gr
301 3414 311 3483 ss
327 3417 358 3466 19
377 3411 513 3467 inducant
530 3417 571 3466 Aa
589 3415 598 3483 ΙΙ
616 3418 650 3467 22
669 3408 899 3485 <e>nuntiaver1t
918 3408 960 3463 Gr
973 3410 985 3480 [l
996 3408 1080 3480 autad

110 3481 208 3538 Sermo
227 3480 256 3538 0.
275 3483 308 3537 D.
327 3487 348 3534 B
368 3485 377 3554 l
396 3489 431 3537 24
449 3482 499 3536 lis
518 3487 542 3535 A
554 3484 564 3554 u
578 3490 611 3540 2⁷
632 3481 798 3539 renuntiare
818 3479 916 3551 bll‘lb
935 3481 1098 3536 ceterae!
1113 3460 1164 3639 1

166 3579 304 3631 omanem
316 3581 378 3637 asor,
393 3581 427 3624 aa
442 3582 528 3629 ariter.
926 3576 949 3626 ὃ
