2392 3862
160 197 204 258 44
277 163 279 167 ’
525 192 755 258 surranum

161 358 336 423 custodem.
360 355 497 441 inquiret
515 354 628 421 adhue.
652 354 791 420 forsitan
809 355 918 421 omnia
936 354 1003 420 iarn
1017 354 1129 422 videre

160 468 227 511 non
258 445 367 530 potuit
390 445 490 528 exul,
509 466 574 509 non
598 444 708 509 omnia
730 448 799 508 tam
823 443 909 509 olare
932 444 1131 529 perspicere.

160 534 224 599 hoo
256 535 360 598 visum
391 553 451 617 pro
484 533 635 615 opinione
664 533 745 617 eius,
777 532 832 616 qui
859 532 1032 598 absolutus
1062 536 1129 599 est:

161 644 228 688 non
245 622 422 705 timebitur,
441 620 595 706 quamdiu
614 620 668 687 hio
686 621 786 686 fuerit
803 620 993 686 incivitate.
1023 620 1129 689 imnto
1176 656 1183 699 a,

127 711 292 776 theroule
321 710 349 776 si
375 710 529 774 mentitus
558 712 621 788 est,
649 709 677 774 si
705 709 819 774 fiotum
847 708 966 775 detulit
996 710 1131 791 crimen,
1181 758 1183 763 .

163 800 242 864 satis
275 799 397 884 alioqui
429 798 563 864 daturus
597 802 646 862 est
667 818 845 882 poenarum
868 798 955 863 inter
976 797 1133 866 inimieos

160 892 322 973 potentes,
346 891 379 953 et
401 887 551 952 inimicos
576 887 747 972 gratiosos.

554 1061 729 1128 SERMO.

94 1168 101 1188 ’
202 1162 409 1268 ’ῒΤοὲαωῒ
445 1191 555 1252 autem
588 1187 738 1252 existimo
771 1185 1023 1253 commodiorem
1059 1209 1134 1253 esse

112 1293 144 1342 10
162 1280 289 1359 partem
314 1275 486 1341 diversam:
511 1275 629 1341 suadeo
652 1274 719 1352 his,
743 1275 798 1360 qui
828 1274 947 1340 dicturi
971 1280 1063 1361 sunt,
1096 1276 1133 1342 in

162 1366 253 1430 illam
277 1364 387 1450 potius
411 1364 610 1429 incumbant.

580 1537 707 1606 GOLV.

407 1644 632 1726 Transfugae
654 1643 880 1713 excludendi.

163 1768 254 1834 Inter
277 1769 357 1834 duas
381 1769 529 1834 civitates
553 1770 677 1834 bellum
700 1773 778 1836 erat.
810 1770 846 1834 in
869 1770 1007 1835 alteram
1030 1772 1136 1841 multi

111 1876 143 1924 15
251 1857 442 1942 transfugae
463 1858 646 1923 veniebant.
690 1857 756 1923 fert
778 1857 909 1942 quidam
931 1859 1038 1944 legem
1047 1898 1060 1945 ,·
1088 1882 1136 1928 ne

253 1947 459 2030 recipiantur.

559 2051 734 2118 snuMO.

228 2178 379 2245 Proxime
411 2179 452 2243 ad
477 2177 641 2244 suasorias
665 2177 791 2244 aceedit
813 2176 876 2242 hoo
899 2198 1017 2263 genus:
1050 2178 1150 2247 nam'

163 2272 196 2331 et
228 2268 447 2333 suasoriarum
477 2268 537 2347 [et]
565 2265 648 2348 legis
681 2267 790 2332 suasio
824 2268 858 2330 et
885 2265 1045 2332 dissuasio
1070 2266 1134 2335 est.

111 2370 145 2419 ao
164 2355 253 2438 Ergo
276 2355 361 2420 diuet
384 2355 424 2437 is,
453 2355 509 2438 qui
532 2354 639 2439 legem
661 2353 753 2439 feret,
775 2376 842 2420 non
861 2354 931 2419 esse
954 2353 1135 2423 heresium

164 2442 307 2524 resipere
321 2441 520 2526 transfugas,
538 2441 622 2506 nihil
641 2442 805 2528 prodesse,
823 2441 962 2509 forsitan
984 2444 1006 2525 †
1024 2494 1031 2509 .
1052 2494 1061 2511 .
1079 2495 1088 2513 .
1107 2446 1135 2533 †

166 2531 206 2595 ad
234 2531 333 2596 finem
360 2529 448 2607 belli,
487 2551 661 2595 summum:
689 2531 782 2618 illud,
808 2530 1054 2617 propterquod
1077 2532 1134 2599 lex

164 2619 277 2703 fertur,
300 2619 517 2705 periculosum
541 2640 620 2684 esse.

476 2792 813 2863 DECLAMATIO.

111 2935 144 2985 25
231 2918 371 2984 Etiamsi
398 2941 466 2985 non
492 2925 580 2986 esset
607 2921 642 2984 in
670 2941 709 2986 eo
737 2924 826 2986 statu
849 2921 984 3007 bellum,
1011 2927 1050 2989 ut
1072 2924 1135 2991 he·

164 3013 259 3073 nesta
282 3007 427 3112 cogitare
450 3014 594 3075 voearet:
618 3010 669 3074 vel
689 3031 761 3074 oum
780 3010 926 3093 periculo
944 3014 1055 3076 tamen
1074 3034 1134 3098 op·

237 3189 250 3234 1
270 3180 390 3251 inquirit
407 3186 469 3249 AB,
489 3198 557 3239 corr.
578 3182 623 3239 Ro
641 3185 651 3253 ΙΙ
670 3188 686 3237 2
706 3182 783 3237 clara
800 3188 848 3236 ΑΒ
862 3186 902 3251 ηδ
921 3182 1019 3239 visuiri
1037 3189 1070 3255 Α,
1087 3186 1134 3243 vl'·

163 3252 220 3307 sua
237 3256 267 3320 a,
286 3262 354 3308 aa.
369 3251 413 3334 aa
427 3253 466 3322 qr
486 3256 515 3308 et
532 3253 606 3309 aar
623 3253 701 3310 mm.
715 3256 758 3324 1²11
772 3259 788 3309 e
807 3240 1046 3311 anonumum
1062 3246 1160 3333 sil.

164 3330 179 3378 9
198 3323 300 3394 totam]
321 3339 453 3392 quomam
473 3323 509 3392 (2)
528 3324 573 3380 Ro
598 3328 609 3395 ll
637 3331 670 3379 10
693 3325 847 3379 dieituriA
874 3328 883 3396 ΙΙ
912 3331 943 3380 11
968 3325 1140 3385 ineumb'd·

162 3401 185 3447 Α
200 3395 209 3463 ΙΙ
225 3398 257 3448 18
276 3392 419 3463 proximae
438 3399 469 3461 Δ,
487 3395 629 3464 proximas
648 3400 668 3447 Β
682 3398 692 3464 p
707 3400 739 3450 19
758 3394 833 3468 *[et]
849 3399 859 3467 ,Ι
873 3401 907 3452 20
927 3392 998 3451 dici,
1015 3400 1035 3447 1,
1049 3396 1138 3466 mn,
1166 3400 1183 3467 4

161 3470 205 3535 ΒΙΙ
220 3472 251 3521 ²1
272 3467 388 3532 somme
405 3465 476 3520 nihil
495 3466 573 3536 prod.
593 3482 676 3537 posse
695 3467 732 3521 ad
750 3467 769 3522 f.
910 3474 913 3479 ·
1129 3470 1133 3477 ¹
1171 3472 1180 3489 ι
