2392 3862
130 217 197 285 264
502 214 732 282 QUINTILIANI

132 403 279 448 mensam
310 402 430 466 meam,
461 380 547 446 inter
578 379 731 446 convivas
761 400 851 446 meos
879 381 1008 466 expirat
1035 382 1101 448 fra·

132 474 183 536 ier
215 492 320 535 meus:
360 470 396 534 in
431 491 526 554 quem
567 468 672 534 scelus
704 468 948 534 translaturus?
1001 491 1100 554 quem

133 558 268 623 deorum
301 559 532 643 hominumque
563 556 803 623 invocaturus?¹
830 578 895 623 non
922 557 986 623 fuir
1019 581 1101 645 ergo

133 647 223 712 locus
244 648 397 733 idoneus,
427 668 494 712 non
521 646 585 711 fuit
612 648 749 729 tempus.
767 706 771 715 ,
790 644 894 729 adice,
923 647 1010 731 quod
1035 669 1099 734 ego

96 752 112 800 s
134 735 268 802 daturus
299 757 460 802 venenum
487 735 580 818 poiui
607 735 736 818 timere,
765 756 805 799 ne
832 733 1100 821 deprehenderer,

132 846 173 891 ne
196 825 421 909 praesentiret,
443 846 484 889 ne
508 822 724 907 iniellegeret,
746 845 787 888 ne
811 823 920 889 colore
934 845 1097 892 venenum

132 913 403 998 deprehenderet,
441 934 482 977 ne
515 934 579 997 qua
611 912 661 977 vis
693 911 803 977 odoris
836 933 870 977 se
903 913 1099 981 ostenderet.

131 1002 214 1068 nulli
237 1024 398 1068 venenum
420 1001 551 1066 facilius
575 1000 644 1066 dari
667 1004 789 1084 potest,
816 1023 914 1086 quam
937 1003 992 1086 qui
1016 1005 1100 1069 acei-

131 1091 181 1175 pir
203 1091 316 1176 utique
340 1094 509 1175 tamquam
532 1090 814 1157 medicamentum.
854 1088 943 1175 Ergo
968 1091 1098 1157 nullum

78 1196 112 1245 10
132 1180 305 1245 consilium
329 1179 461 1246 sceleris
484 1180 549 1244 mei
573 1181 630 1244 est.
668 1181 703 1243 at
726 1180 775 1245 tui
799 1182 921 1263 quania
945 1181 1098 1246 occasio?

131 1290 328 1353 quamquam
351 1269 391 1334 de
413 1267 475 1333 hac
493 1271 609 1354 postea
627 1268 750 1351 loquar.
784 1269 919 1352 paulum
938 1270 1025 1334 enim
1044 1292 1099 1334 me

130 1357 319 1442 interpellas
347 1357 439 1440 ordo,
470 1360 508 1421 ut
535 1356 615 1421 illud
643 1355 879 1422 defendendum
903 1358 1097 1443 existimem,

13 1452 18 1463 '
131 1445 217 1529 quod
244 1445 380 1510 fratrem
408 1466 516 1510 meum
545 1445 592 1509 ait
621 1445 830 1529 suspicatum.
875 1448 951 1512 ante
974 1448 1096 1531 omnia,

130 1533 261 1616 iudices,
284 1533 370 1618 quod
393 1532 438 1598 sit
460 1533 541 1599 illud
566 1534 758 1618 suspicionis
780 1555 884 1620 genus
908 1557 975 1600 non
997 1536 1095 1601 intel-

77 1637 109 1685 15
131 1620 214 1706 lego.
243 1626 417 1706 postquam
431 1623 574 1706 biberat,
596 1623 759 1707 fingamus
779 1623 868 1689 cibos
886 1624 1096 1709 redundasse,

130 1709 293 1795 fingamus
320 1711 463 1796 aliquem
497 1733 628 1776 sensum
657 1711 849 1776 interiorum
873 1711 986 1778 fuisse:
1014 1713 1097 1779 haec

130 1801 243 1865 tamen
271 1800 380 1867 omnia
404 1800 549 1874 accidere
573 1800 672 1866 etiam
696 1822 735 1865 ex
758 1801 926 1866 innocenti
947 1803 1097 1868 conuiuio

129 1892 275 1972 possunt.
312 1889 396 1954 unde
420 1911 497 1976 ergo
522 1888 663 1974 suspicio
687 1887 760 1956 est?
777 1913 830 1955 -ε
854 1889 939 1956 unde
958 1891 1036 1957 illae
1055 1892 1097 1958 si·

130 1978 294 2063 multatas,
317 1979 402 2044 unde
425 1979 483 2044 illa
504 1977 676 2044 discordia.
1039 1974 1044 1987 '
1105 1987 1109 1993 ’

74 2115 110 2166 2ο
197 2098 300 2167 Simul
319 2106 351 2168 et
365 2102 445 2168 illud
459 2124 527 2186 vos,
545 2101 678 2187 iudices,
697 2101 818 2166 intueri
835 2104 975 2186 oporiet,
995 2110 1097 2187 epeia

127 2190 224 2255 huius
248 2192 381 2277 potione
404 2191 540 2257 fratrem
564 2212 672 2255 meum
691 2190 845 2257 continuo
864 2193 1004 2276 perisset
1028 2216 1095 2259 non

11 2348 19 2359 ι
127 2283 238 2363 podest
266 2279 367 2345 videri
395 2302 433 2346 eo
461 2300 584 2344 veneno
613 2279 746 2363 perisse,
774 2280 809 2343 in
837 2301 900 2363 quo
925 2284 1000 2346 anie
1025 2304 1094 2348 mo·

128 2370 274 2430 menium
297 2368 413 2433 mortis
433 2367 575 2451 suspicio
594 2367 671 2448 fuit3
694 2388 805 2433 verum
823 2368 905 2434 haee
924 2389 963 2434 ex
981 2369 1094 2436 huius·

129 2452 217 2518 modi
244 2455 350 2519 causis
374 2458 447 2521 oria
470 2455 625 2538 suspicio,
656 2456 879 2539 plenissimam
903 2457 1094 2543 †defendi†

74 2556 108 2606 ns
129 2542 244 2606 veneni
268 2545 471 2609 occasionem
495 2542 592 2608 dedit.
618 2542 725 2627 prima
748 2545 815 2629 illa,
839 2546 925 2631 quod
945 2547 1092 2614 habebas

11 2648 20 2689 r
129 2630 181 2694 cui
205 2630 364 2716 obiceres3
388 2633 492 2699 altera
510 2631 575 2715 illa,
600 2631 686 2716 quod
702 2633 1018 2724 'qualem<cum>que
1036 2659 1093 2722 po·

128 2719 251 2784 tionem
279 2725 467 2806 accepturus
498 2725 569 2786 erat
595 2721 712 2787 frater:
742 2723 804 2787 etsi
837 2723 930 2789 illam
962 2725 1093 2790 tristem

128 2807 209 2893 visu,
235 2809 298 2873 edri
318 2810 411 2875 illam
426 2814 524 2896 gustu
540 2832 700 2895 asperam,
718 2810 895 2877 bibendum
910 2816 1094 2898 esttamen,

128 2917 201 2961 cum
224 2896 311 2962 dicas
335 2899 521 2965 remedium.
554 2899 611 2964 sed
635 2899 712 2984 quid
737 2920 797 2985 ego
821 2901 966 2966 diutius?
990 2903 1019 2967 si
1041 2925 1093 2969 ve·

73 3001 109 3051 30
128 3007 248 3051 nenum
277 3008 297 3052 a
319 3009 370 3052 me
394 2988 583 3073 accepisset,
606 2992 642 3053 tu
668 3009 833 3055 sanasses:
857 3011 941 3057 nam
966 2993 1000 3057 et
1018 2992 1093 3076 pol·

198 3218 214 3266 6
238 3229 291 3268 neo
315 3213 389 3270 olere
407 3218 429 3267 B
446 3215 462 3285 Ἰ
485 3220 598 3270 11-12
617 3215 692 3271 enim
710 3216 906 3286 interpellator
924 3217 1001 3273 dol
1023 3219 1034 3289 Ι
1057 3224 1091 3273 12

125 3282 206 3337 illum
225 3288 275 3336 AB
289 3285 300 3354 ΙΙ
316 3291 347 3339 17
367 3285 528 3342 innocentia
546 3291 613 3340 m
627 3289 637 3356 u
650 3293 685 3342 20
702 3286 830 3343 interiori
847 3291 917 3342 Aa!
931 3288 944 3358 i
957 3290 1092 3361 compota

125 3357 145 3405 B
167 3354 177 3421 u
198 3359 231 3408 22
252 3357 287 3410 eir
304 3361 325 3408 1’
344 3358 354 3426 i
374 3363 409 3412 24
428 3356 592 3427 plenissima
608 3359 653 3428 Bi!
674 3358 819 3413 deferendi
836 3357 1097 3427 &addendam-

125 3425 202 3504 edd.‚·
220 3426 374 3494 praebendi
393 3428 508 3500 301126
528 3427 803 3502 qualem<cnm>que
821 3429 864 3486 Gr
882 3431 893 3500 Ι
913 3435 949 3487 27
964 3430 1044 3489 aias
1055 3434 1092 3501 A,

128 3511 152 3548 rr
170 3494 207 3548 ad
225 3500 253 3566 B,
273 3514 342 3554 corr.
362 3500 419 3555 Aer
439 3500 448 3570 [Ι
467 3505 501 3556 28
521 3500 545 3554 si
564 3499 599 3553 ad
618 3505 650 3567 Δ,
670 3500 692 3554 si
712 3503 741 3556 et
758 3505 787 3569 B,
807 3517 876 3557 corr.
895 3502 953 3559 Aer
