2392 3862
162 204 229 268 414
542 201 774 268 QUINTILIANI

162 369 285 434 tentius
309 370 368 452 est,
392 367 477 450 quod
497 367 531 430 in
550 367 624 430 albo
643 366 727 451 lego,
751 386 847 448 quam
867 364 952 448 quod
970 367 1004 430 in
1022 372 1123 433 testa-

162 460 280 522 mento.

227 543 309 629 „Sed
332 547 439 628 pater,
461 544 581 629 inquit,
604 543 709 608 voluit
732 564 784 606 me
807 563 877 607 esse
899 543 1064 627 heredem,
1089 548 1123 608 et

163 636 234 699 ideo
258 632 498 718 tyrannicidam
523 633 666 716 scripsit,
693 632 769 716 quia
797 631 920 696 sciebat
943 654 994 696 me
1018 634 1121 697 factu·

127 739 235 788 trum
258 721 536 807 tyrannicidium.“
581 719 731 785 Falleris:
762 723 796 783 te
825 742 964 804 namque
989 721 1122 786 minime

162 812 273 878 voluit.
301 832 379 876 nam
398 811 425 874 si
444 810 610 888 voluisset,
634 808 819 892 scripsisset
836 809 945 873 »filius
969 832 1069 892 meus,
1093 810 1121 874 si

161 900 275 966 feeerit
298 898 558 983 tyrannicidium,
580 897 673 962 heres
697 897 778 961 mihi
803 897 872 962 sia«
908 919 994 962 nunc
1013 901 1123 962 autem

162 991 306 1075 apparet,
330 988 493 1052 dolentem
515 988 698 1071 iratumque
722 986 891 1068 scripsisse
915 989 948 1050 et
967 986 1122 1070 adoptare

162 1079 196 1142 in
219 1079 327 1141 locum
350 1076 410 1139 filii
433 1075 672 1160 tyrannicidam
696 1075 846 1156 voluisse,
870 1074 946 1157 quia
969 1076 1004 1138 in
1023 1075 1123 1139 virtu-

110 1182 143 1230 10
162 1170 229 1230 tem
253 1165 474 1249 tyrannicidae
497 1164 602 1227 filium
626 1163 766 1228 excitare
789 1184 856 1226 non
878 1166 1016 1244 poterat.
1057 1164 1122 1228 ira-

162 1259 232 1319 tum
259 1254 321 1318 tibi
345 1254 416 1318 dico
440 1254 554 1317 fuisse:
588 1251 760 1317 abdicavit.
805 1273 981 1334 numquam
1004 1251 1122 1316 leviter

162 1343 397 1406 excandescunt
425 1344 544 1425 patres.
591 1344 623 1405 et
646 1363 710 1426 qna
734 1339 854 1404 causa?
901 1338 987 1422 quod
1010 1344 1122 1423 tyran-

161 1453 240 1496 num
264 1453 329 1494 non
355 1431 527 1495 occideras.
560 1429 658 1514 vides,
678 1428 948 1512 quemadmodum
966 1428 1122 1493 inertiam

164 1523 330 1583 execratus
360 1519 415 1596 sit,
444 1540 484 1581 ne
513 1516 640 1581 iudiciis
665 1516 795 1600 quidem
818 1517 912 1580 malis
937 1517 1121 1582 excitatam.

110 1623 142 1672 15
162 1611 291 1670 tantum
315 1605 499 1670 abdicavit?
522 1606 637 1669 immo:
661 1626 728 1668 non
750 1604 887 1668 reduxit.
933 1627 1048 1687 passus
1073 1609 1123 1669 est

162 1696 305 1777 exulare3
337 1716 378 1758 ne
410 1694 550 1758 moriens
579 1692 707 1777 quidem
735 1692 901 1758 miseritus
926 1696 988 1756 est:
1021 1695 1121 1758 etiam

161 1785 360 1848 testamento
386 1782 604 1866 exheredavit,
628 1781 725 1845 etiam
750 1781 833 1845 alios
858 1780 1035 1864 adoptavit.

556 1973 728 2041 snnMO.
803 1988 811 2003 ·

228 2103 372 2168 Ultimae
395 2104 504 2186 partes
530 2100 713 2186 aequitatis.

107 2314 142 2364 ao
471 2294 810 2361 DECLAMATIO.

225 2419 377 2503 „Tamen,
399 2419 514 2503 inquit,
537 2422 712 2502 tyrannum
731 2417 863 2482 occidif‘
890 2417 975 2481 Puta
997 2420 1030 2482 te
1052 2442 1120 2484 me-

159 2508 275 2571 ruisse:
299 2507 400 2570 habes
424 2507 602 2590 praemium
623 2528 642 2571 a
660 2528 695 2570 re
714 2505 853 2590 publica.
886 2505 968 2570 illud
986 2507 1119 2573 virtutis

159 2596 339 2679 praemium
362 2594 458 2658 debet
482 2616 561 2676 esse,
584 2594 646 2658 hcc
667 2593 803 2658 inertiae
828 2595 1031 2678 supplicium.
1062 2598 1118 2662 sed

159 2683 287 2769 quando
311 2681 479 2747 occidisti?
502 2687 734 2748 testamentum
757 2684 791 2746 te
816 2683 978 2749 excitavit.

106 2881 141 2931 as
557 2857 729 2924 SERMO.

219 2986 267 3051 <ln
289 2985 405 3050 ultimo
427 2984 549 3050 tuenda
572 2988 775 3051 mortuorum
797 2986 929 3053 indicia:
958 3009 1121 3053 commen-

161 3076 310 3143 dabimus
339 3073 497 3139 iudicibus
521 3077 725 3139 testamenta.
772 3076 897 3142 nullam
920 3080 1027 3140 autem
1051 3097 1121 3139 ma·
1153 3086 1156 3091 ⁴

232 3268 325 3338 llege
339 3272 360 3320 B
374 3270 384 3337 ΙΙ
397 3267 471 3336 qued
484 3267 548 3321 teet.
564 3269 675 3322 omisero
689 3267 717 3320 in
731 3270 752 3319 Β
766 3268 776 3336 ss
791 3272 822 3321 11
838 3268 859 3321 t.
870 3263 970 3319 timido
983 3264 1021 3316 fu.
1037 3268 1076 3317 Ab
1092 3272 1117 3320 et

158 3340 217 3394 edd.
233 3339 242 3408 l
258 3345 291 3393 14
309 3339 458 3406 iudiciis,
477 3337 598 3408 publicis
617 3338 673 3406 θη
690 3340 737 3393 sed
755 3340 791 3406 cf.
810 3339 842 3391 in
859 3336 950 3390 indice
967 3349 1055 3389 eccam
1073 3336 1120 3390 ia-

158 3410 227 3464 dicii
240 3411 251 3478 ΙΙ
266 3417 297 3464 16
316 3409 469 3480 miseritus]
489 3407 653 3463 interfectus
670 3409 715 3478 ΒΗ
734 3414 767 3463 11
788 3421 897 3462 exere
916 3405 962 3474 ΔΙΙ
977 3410 1009 3459 19
1028 3407 1118 3474 partis

158 3482 207 3531 ΔΒ
221 3481 230 3548 ΙΙ
244 3486 279 3534 24
297 3483 326 3535 te
346 3498 395 3535 orn.
415 3482 507 3550 ΒΙΙΒὸ
523 3479 777 3535 commendavimus
796 3481 847 3530 ΔΒ
860 3478 870 3546 Ι
883 3481 917 3531 2¹1
935 3477 1044 3532 nullum
1063 3482 1083 3530 Β
