2392 3862
111 192 154 258 56
474 190 708 259 QUINTILIANI

111 357 243 422 eductae
266 354 497 439 praestandum
514 355 652 440 putavit,
674 376 714 419 ne
733 376 797 439 qua
815 353 913 421 occisi
929 354 1081 423 hominis

110 445 247 511 infamia
281 444 517 528 inquinaretur,
555 465 651 528 quam
688 442 824 509 tradidit
859 442 963 510 amico
1003 466 1080 530 sno,

111 534 197 618 quod
226 533 292 598 iam
321 531 386 597 dici
408 536 530 617 potest,
562 532 686 617 optimo
710 532 836 598 marito.
881 530 1077 599 Proximum

112 626 163 687 est
186 622 226 687 ab
250 621 326 703 hoc,
352 624 390 686 ut
418 621 515 686 amici
538 641 664 704 quoque
696 624 730 686 et
752 618 795 705 (si
818 619 994 706 permittit)
1018 642 1080 708 ge·

76 725 92 773 t
111 711 181 775 neri
197 710 351 776 mandata
369 709 576 793 perieramus.
616 713 692 774 sunt
709 712 818 774 antem
837 708 970 775 similia:
993 731 1080 776 nam
1135 788 1143 803 ι

112 805 144 864 et
171 798 345 881 plurimum
377 820 450 864 cnm
482 818 520 863 eo
552 797 635 862 vixit
662 801 694 862 et
720 797 811 862 nulla
837 819 947 880 causa,
978 797 1077 865 nullo

111 887 259 953 diductus
292 889 342 952 cst
372 887 444 952 loco
473 887 506 950 et
533 907 632 969 usque
659 886 694 950 in
719 887 783 952 hoc
810 890 939 969 tempus
966 886 1003 951 in
1033 907 1079 953 ea.

109 976 172 1042 fuit
195 976 357 1061 opinione,
379 979 416 1039 ut
439 996 474 1040 se
497 974 640 1039 crederet
663 975 770 1040 vivere
789 974 946 1040 beneficio
964 973 1077 1041 istius.

1 1097 5 1104 ·
109 1065 193 1130 Erat
213 1063 360 1149 profecto
382 1062 462 1128 felix
484 1063 608 1142 domus,
633 1062 661 1126 si
683 1063 719 1127 in
740 1062 799 1128 illa
815 1062 920 1147 prima
938 1061 1078 1129 simula·

58 1167 91 1217 10
109 1153 199 1218 tione
221 1153 256 1217 hi
280 1173 410 1218 manere
433 1152 622 1217 voluissent.
657 1151 712 1216 scd
735 1150 811 1215 dum
834 1152 919 1217 hanc
942 1173 1076 1237 quoquc

76 1238 78 1243 ’
109 1240 274 1307 beneficiis
306 1240 422 1324 optimi
454 1241 539 1306 senis
571 1239 690 1305 referre
722 1240 863 1325 gratiam
894 1240 1012 1306 volunt
1039 1244 1077 1307 et

110 1329 301 1415 simpliciter
317 1329 463 1394 fatentur
481 1327 605 1395 omnia:
623 1327 805 1394 inciderunt
823 1328 920 1395 ambo
936 1327 973 1394 in
985 1327 1076 1396 hanc

110 1419 262 1484 dicendae
281 1438 397 1483 causae
419 1416 751 1501 necessitatem,du1n
770 1416 895 1483 scilicet
917 1415 1075 1483 ambitio-

110 1529 165 1571 sus
184 1526 284 1590 gener
301 1504 496 1571 vult'videri
516 1527 627 1572 socero
648 1527 707 1572 suo
727 1505 942 1590 innocentior,
966 1528 1069 1590 quam

58 1593 289 1660 recidebatur.
319 1593 480 1678 Equidem
501 1594 642 1678 peractis
666 1594 846 1680 gratiarum
869 1594 1073 1681 agendarum

110 1682 272 1748 mandatis
304 1683 366 1748 hoc
394 1683 540 1768 primnm'
562 1687 656 1768 puto,
683 1686 721 1748 ut
746 1683 801 1748 ist'
826 1679 870 1769 (si
892 1682 1077 1772 permittit)

110 1771 265 1856 gratuler.
309 1770 377 1837 filia
399 1772 477 1855 eius,
499 1771 695 1856 probissima
723 1771 834 1856 puella
856 1793 894 1837 ac
917 1793 1076 1839 verecun-

110 1860 256 1944 dissime,
278 1860 403 1924 nullam
426 1858 552 1944 accepit
573 1859 739 1945 iniuriam3
767 1861 890 1925 anricus
915 1864 948 1925 ct
970 1881 1075 1947 gener

109 1950 233 2015 nullum
258 1949 361 2015 scelus
388 1948 474 2016 fecit.
518 1970 593 2014 nam
621 1948 649 2014 si
677 1948 755 2033 quid
778 1948 844 2014 tale
867 1948 1013 2034 cogitare
1037 1953 1091 2017 et.

56 2053 89 2102 20
108 2039 143 2104 in
166 2039 311 2103 animum
334 2037 483 2105 inducere
500 2037 671 2122 potuisset,
692 2037 749 2102 illo
768 2042 915 2121 tempore
931 2038 1074 2105 vitiandi

108 2126 224 2192 habuit
242 2127 453 2212 occasionem,
472 2150 536 2213 quo
554 2125 747 2211 naufragam
765 2126 892 2192 inlitus
908 2132 1075 2194 erexerat.

107 2214 247 2300 Reliqua
278 2238 354 2300 pars
387 2216 525 2282 actionis
556 2236 647 2280 meae
685 2236 751 2280 non
787 2218 855 2279 tam
889 2214 930 2280 ad
961 2214 1074 2283 defen·

109 2304 246 2387 sionem,
277 2304 409 2387 iudices,
437 2306 577 2389 spectat,
608 2323 705 2386 quam
735 2302 775 2368 ad
799 2302 1074 2387 deprecationem.

108 2413 184 2456 nam
201 2392 294 2456 nulla
312 2391 458 2475 profecto
478 2391 596 2456 certior
613 2390 697 2456 ratio
718 2397 778 2476 est,
801 2413 899 2476 quam
912 2396 950 2458 ut
968 2392 1073 2460 istum

55 2494 89 2545 25
108 2479 254 2564 priorum
275 2483 460 2564 temporum
483 2479 682 2544 admoneam.

175 2567 238 2632 Hic
258 2565 353 2653 enim,
375 2566 507 2653 iudices,
530 2567 728 2652 adulescens,
752 2565 853 2654 (quod
876 2568 912 2633 in
933 2568 996 2636 hoc
1014 2569 1072 2647 de-

108 2679 198 2721 mum
219 2655 339 2721 iudicio
362 2654 544 2721 audivimus
563 2679 582 2722 a
600 2655 700 2722 divite
719 2656 796 2744 dici)
814 2679 947 2742 pauper,
968 2679 1072 2725 unam

109 2745 173 2809 sibi
196 2744 337 2829 domum,
360 2766 458 2830 quarn
482 2746 616 2829 coleret,
641 2745 754 2830 elegit,
777 2768 876 2810 unum
900 2746 993 2831 hunc,
1017 2748 1073 2813 cui

108 2832 203 2897 fidem
237 2854 330 2898 suam
356 2832 554 2918 inpenderet.
604 2854 642 2899 ac
668 2834 761 2899 brevi
788 2834 947 2921 moribus,
974 2856 1071 2901 sanc-

179 3049 194 3098 3
223 3041 293 3116 (et)
312 3043 388 3111 quod
407 3042 459 3099 Sed
485 3044 495 3113 ll
521 3049 539 3098 4
566 3043 603 3098 ab
630 3043 684 3099 hcc
712 3058 761 3100 ora.
792 3048 813 3095 Β
845 3034 902 3113 ΙΙῚ
930 3043 1073 3103 deductus

107 3118 154 3166 ΑΒ
178 3116 187 3185 {1
211 3120 244 3168 10
263 3115 401 3169 humanae
420 3131 464 3170 res
482 3113 638 3170 valuissent
655 3119 676 3166 Β
694 3115 704 3184 ll
723 3121 755 3169 11
775 3116 866 3170 voluit
883 3118 975 3186 Β1112
994 3114 1071 3173 fate-

107 3188 184 3240 retur
203 3186 247 3253 ΒΙΙ
263 3190 368 3241 14-18
386 3185 448 3240 vult
466 3205 492 3240 v.
512 3202 533 3240 0.
553 3204 573 3242 ι.
591 3186 610 3241 i.
630 3204 657 3267 q.
676 3204 703 3244 v.
722 3202 746 3242 0.
765 3204 792 3256 p.
812 3204 838 3257 g.
858 3203 882 3240 a.
902 3204 939 3241 m.
953 3184 981 3241 h.
995 3202 1026 3256 p.
1040 3205 1069 3259 p.

107 3275 133 3310 u.
152 3257 171 3312 i.
190 3274 217 3325 p.
237 3274 263 3326 g.
283 3255 302 3308 f.
322 3272 346 3311 e.
365 3274 392 3325 p.
411 3275 439 3326 p.
459 3271 483 3311 0.
503 3275 529 3311 0.
548 3274 575 3313 n.
594 3273 619 3312 a.
638 3274 658 3311 1.
677 3272 701 3311 a.
721 3273 745 3311 0.
764 3273 850 3327 gener
868 3273 918 3312 om.
937 3262 978 3310 Aa
999 3260 1010 3328 fl
1034 3262 1070 3314 16

107 3325 168 3381 istis
186 3325 327 3395 permittit
345 3327 390 3395 ΔΙΙ
405 3333 438 3382 22
458 3327 644 3383 defectionem
654 3332 694 3381 A·
708 3328 717 3397 ΙΙ
731 3333 764 3382 23
783 3327 881 3382 iudicii
898 3332 919 3380 Β
933 3329 943 3397 ΙΙ
957 3331 1071 3398 spectat

107 3413 158 3522 erp.
176 3401 197 3448 Β
216 3401 225 3466 11
243 3402 277 3452 26
295 3397 350 3452 hoc
368 3397 481 3466 quidem
499 3399 556 3455 iud.
575 3403 595 3452 Β
614 3399 625 3467 l
645 3404 678 3454 27
698 3397 827 3454 audimus
845 3401 892 3470 ΔΙΙ
905 3405 939 3454 29
958 3399 1070 3456 brevio·

26 3516 34 3529 ,
106 3468 131 3522 ri
151 3472 223 3522 usB
894 3519 898 3525 .
