<?xml version="1.0" encoding="UTF-8"?>
<!DOCTYPE html PUBLIC "-//W3C//DTD XHTML 1.0 Transitional//EN"
    "http://www.w3.org/TR/xhtml1/DTD/xhtml1-transitional.dtd">
<html xmlns="http://www.w3.org/1999/xhtml" xml:lang="en" lang="en">
 <head>
  <title>
</title>
<meta http-equiv="Content-Type" content="text/html;charset=utf-8" />
  <meta name='ocr-system' content='tesseract 3.04.00' />
  <meta name='ocr-capabilities' content='ocr_page ocr_carea ocr_par ocr_line ocrx_word'/>
</head>
<body>
  <div class='ocr_page' id='page_1' title='image "./mfabiiquintilia00rittgoog_0161.png"; bbox 0 0 2392 3862; ppageno 0'>
   <div class='ocr_carea' id='block_1_1' title="bbox 152 201 825 285">
    <p class='ocr_par' dir='ltr' id='par_1_1' title="bbox 152 201 825 285">
     <span class='ocr_line' id='line_1_1' title="bbox 152 201 825 285; baseline 0.001 -13"><span class='ocrx_word' id='word_1_1' title='bbox 152 218 215 283; x_wconf 79' lang='lat'><strong>122</strong></span> <span class='ocrx_word' id='word_1_2' title='bbox 513 201 745 285; x_wconf 77' lang='lat' dir='ltr'><strong>uururrsrnur</strong></span> <span class='ocrx_word' id='word_1_3' title='bbox 818 242 825 255; x_wconf 93' lang='lat'><strong>·</strong></span> 
     </span>
    </p>
   </div>
   <div class='ocr_carea' id='block_1_2' title="bbox 42 382 1112 3108">
    <p class='ocr_par' dir='ltr' id='par_1_2' title="bbox 42 382 1112 3108">
     <span class='ocr_line' id='line_1_2' title="bbox 148 382 1112 469; baseline -0.003 -20"><span class='ocrx_word' id='word_1_4' title='bbox 148 385 220 467; x_wconf 86' lang='lat' dir='ltr'><strong>eivi,</strong></span> <span class='ocrx_word' id='word_1_5' title='bbox 243 383 461 448; x_wconf 82' lang='lat' dir='ltr'><strong>etiamsinon</strong></span> <span class='ocrx_word' id='word_1_6' title='bbox 485 382 626 448; x_wconf 82' lang='lat' dir='ltr'><strong>effecerit</strong></span> <span class='ocrx_word' id='word_1_7' title='bbox 648 383 763 466; x_wconf 79' lang='lat' dir='ltr'><strong>scelus,</strong></span> <span class='ocrx_word' id='word_1_8' title='bbox 788 403 909 466; x_wconf 84' lang='lat' dir='ltr'><strong>poenas</strong></span> <span class='ocrx_word' id='word_1_9' title='bbox 933 386 1045 469; x_wconf 85' lang='lat' dir='ltr'><strong>tamen</strong></span> <span class='ocrx_word' id='word_1_10' title='bbox 1067 382 1112 447; x_wconf 87' lang='lat' dir='ltr'><strong>le-</strong></span> 
     </span>
     <span class='ocr_line' id='line_1_3' title="bbox 147 470 1111 558; baseline -0.001 -21"><span class='ocrx_word' id='word_1_11' title='bbox 147 473 243 558; x_wconf 81' lang='lat' dir='ltr'>gibus</span> <span class='ocrx_word' id='word_1_12' title='bbox 271 471 390 537; x_wconf 85' lang='lat' dir='ltr'><strong>solvet:</strong></span> <span class='ocrx_word' id='word_1_13' title='bbox 419 474 454 536; x_wconf 90' lang='lat' dir='ltr'><strong>at</strong></span> <span class='ocrx_word' id='word_1_14' title='bbox 481 471 536 556; x_wconf 90' lang='lat' dir='ltr'><strong>qui</strong></span> <span class='ocrx_word' id='word_1_15' title='bbox 563 472 625 537; x_wconf 87' lang='lat' dir='ltr'><strong>hoe</strong></span> <span class='ocrx_word' id='word_1_16' title='bbox 646 470 734 536; x_wconf 88' lang='lat' dir='ltr'><strong>idem</strong></span> <span class='ocrx_word' id='word_1_17' title='bbox 757 471 910 536; x_wconf 88' lang='lat' dir='ltr'><strong>adversus</strong></span> <span class='ocrx_word' id='word_1_18' title='bbox 933 474 1111 555; x_wconf 82' lang='lat' dir='ltr'><strong>tyrannum</strong></span> 
     </span>
     <span class='ocr_line' id='line_1_4' title="bbox 146 559 1112 645; baseline -0.001 -20"><span class='ocrx_word' id='word_1_19' title='bbox 146 560 269 641; x_wconf 84' lang='lat' dir='ltr'><strong>feeerit,</strong></span> <span class='ocrx_word' id='word_1_20' title='bbox 293 560 422 625; x_wconf 87' lang='lat' dir='ltr'><strong>etiamsi</strong></span> <span class='ocrx_word' id='word_1_21' title='bbox 445 559 664 645; x_wconf 89' lang='lat' dir='ltr'><strong>deprehensus</strong></span> <span class='ocrx_word' id='word_1_22' title='bbox 687 559 795 644; x_wconf 85' lang='lat' dir='ltr'><strong>fuerit,</strong></span> <span class='ocrx_word' id='word_1_23' title='bbox 818 559 1013 624; x_wconf 86' lang='lat' dir='ltr'><strong>laudabitur.</strong></span> <span class='ocrx_word' id='word_1_24' title='bbox 1059 560 1112 624; x_wconf 85' lang='lat' dir='ltr'><strong>lex</strong></span> 
     </span>
     <span class='ocr_line' id='line_1_5' title="bbox 59 647 1112 733; baseline -0.001 -20"><span class='ocrx_word' id='word_1_25' title='bbox 59 686 62 696; x_wconf 92' lang='lat'>·</span> <span class='ocrx_word' id='word_1_26' title='bbox 146 649 319 733; x_wconf 82' lang='lat' dir='ltr'><strong>praecipue</strong></span> <span class='ocrx_word' id='word_1_27' title='bbox 351 649 416 714; x_wconf 85' lang='lat' dir='ltr'><strong>ista</strong></span> <span class='ocrx_word' id='word_1_28' title='bbox 448 647 489 713; x_wconf 88' lang='lat' dir='ltr'><strong>ad</strong></span> <span class='ocrx_word' id='word_1_29' title='bbox 516 670 572 714; x_wconf 88' lang='lat' dir='ltr'><strong>eos</strong></span> <span class='ocrx_word' id='word_1_30' title='bbox 599 649 755 733; x_wconf 77' lang='lat' dir='ltr'><strong>pertinet,</strong></span> <span class='ocrx_word' id='word_1_31' title='bbox 787 648 843 733; x_wconf 90' lang='lat' dir='ltr'><strong>qui</strong></span> <span class='ocrx_word' id='word_1_32' title='bbox 871 647 994 731; x_wconf 80' lang='lat' dir='ltr'><strong>alioqui</strong></span> <span class='ocrx_word' id='word_1_33' title='bbox 1021 669 1112 732; x_wconf 88' lang='lat' dir='ltr'><strong>sepe·</strong></span> 
     </span>
     <span class='ocr_line' id='line_1_6' title="bbox 42 735 1111 824; baseline -0.001 -23"><span class='ocrx_word' id='word_1_34' title='bbox 42 789 48 801; x_wconf 91' lang='lat'><strong>.</strong></span> <span class='ocrx_word' id='word_1_35' title='bbox 113 752 129 802; x_wconf 82' lang='lat'>5</span> <span class='ocrx_word' id='word_1_36' title='bbox 148 738 249 802; x_wconf 87' lang='lat' dir='ltr'><strong>liendi</strong></span> <span class='ocrx_word' id='word_1_37' title='bbox 268 740 354 823; x_wconf 88' lang='lat' dir='ltr'><strong>suut,</strong></span> <span class='ocrx_word' id='word_1_38' title='bbox 375 739 472 824; x_wconf 88' lang='lat' dir='ltr'><strong>idque</strong></span> <span class='ocrx_word' id='word_1_39' title='bbox 490 737 596 802; x_wconf 85' lang='lat' dir='ltr'><strong>verbis</strong></span> <span class='ocrx_word' id='word_1_40' title='bbox 615 736 699 822; x_wconf 82' lang='lat' dir='ltr'><strong>legis</strong></span> <span class='ocrx_word' id='word_1_41' title='bbox 718 736 799 821; x_wconf 89' lang='lat' dir='ltr'><strong>ipsis</strong></span> <span class='ocrx_word' id='word_1_42' title='bbox 817 735 1029 802; x_wconf 87' lang='lat' dir='ltr'><strong>manifestum</strong></span> <span class='ocrx_word' id='word_1_43' title='bbox 1048 740 1111 802; x_wconf 88' lang='lat' dir='ltr'><strong>est:</strong></span> 
     </span>
     <span class='ocr_line' id='line_1_7' title="bbox 147 824 1111 912; baseline -0.001 -21"><span class='ocrx_word' id='word_1_44' title='bbox 147 848 220 912; x_wconf 92' lang='lat' dir='ltr'><strong>quo</strong></span> <span class='ocrx_word' id='word_1_45' title='bbox 244 827 333 911; x_wconf 89' lang='lat' dir='ltr'><strong>quis</strong></span> <span class='ocrx_word' id='word_1_46' title='bbox 356 827 441 892; x_wconf 85' lang='lat' dir='ltr'><strong>loeo</strong></span> <span class='ocrx_word' id='word_1_47' title='bbox 465 825 629 891; x_wconf 85' lang='lat' dir='ltr'><strong>fulmine</strong></span> <span class='ocrx_word' id='word_1_48' title='bbox 652 826 754 891; x_wconf 80' lang='lat' dir='ltr'><strong>ictus</strong></span> <span class='ocrx_word' id='word_1_49' title='bbox 776 824 911 910; x_wconf 86' lang='lat' dir='ltr'><strong>fuerit,</strong></span> <span class='ocrx_word' id='word_1_50' title='bbox 935 846 977 890; x_wconf 89' lang='lat' dir='ltr'><strong>eo</strong></span> <span class='ocrx_word' id='word_1_51' title='bbox 1002 846 1111 909; x_wconf 90' lang='lat' dir='ltr'><strong>sepe-</strong></span> 
     </span>
     <span class='ocr_line' id='line_1_8' title="bbox 146 913 1111 1001; baseline 0 -22"><span class='ocrx_word' id='word_1_52' title='bbox 146 915 277 981; x_wconf 89' lang='lat' dir='ltr'><strong>liatur.</strong></span> <span class='ocrx_word' id='word_1_53' title='bbox 323 919 475 1001; x_wconf 87' lang='lat' dir='ltr'><strong>apparet,</strong></span> <span class='ocrx_word' id='word_1_54' title='bbox 497 936 564 979; x_wconf 89' lang='lat' dir='ltr'><strong>non</strong></span> <span class='ocrx_word' id='word_1_55' title='bbox 587 914 627 979; x_wconf 93' lang='lat' dir='ltr'><strong>de</strong></span> <span class='ocrx_word' id='word_1_56' title='bbox 651 915 819 999; x_wconf 75' lang='lat' dir='ltr'>sepultura</span> <span class='ocrx_word' id='word_1_57' title='bbox 842 913 968 998; x_wconf 89' lang='lat' dir='ltr'><strong>quaeri,</strong></span> <span class='ocrx_word' id='word_1_58' title='bbox 991 913 1048 978; x_wconf 89' lang='lat' dir='ltr'><strong>sed</strong></span> <span class='ocrx_word' id='word_1_59' title='bbox 1071 913 1111 979; x_wconf 91' lang='lat' dir='ltr'><strong>de</strong></span> 
     </span>
     <span class='ocr_line' id='line_1_9' title="bbox 146 1003 1112 1088; baseline 0 -20"><span class='ocrx_word' id='word_1_60' title='bbox 146 1004 218 1070; x_wconf 88' lang='lat' dir='ltr'><strong>loeo</strong></span> <span class='ocrx_word' id='word_1_61' title='bbox 253 1004 447 1088; x_wconf 84' lang='lat' dir='ltr'><strong>sepulturae.</strong></span> <span class='ocrx_word' id='word_1_62' title='bbox 499 1003 605 1088; x_wconf 83' lang='lat' dir='ltr'><strong>magis</strong></span> <span class='ocrx_word' id='word_1_63' title='bbox 641 1003 810 1087; x_wconf 84' lang='lat' dir='ltr'><strong>aliquanto</strong></span> <span class='ocrx_word' id='word_1_64' title='bbox 844 1024 915 1068; x_wconf 84' lang='lat' dir='ltr'><strong>esse</strong></span> <span class='ocrx_word' id='word_1_65' title='bbox 949 1003 1112 1068; x_wconf 84' lang='lat' dir='ltr'><strong>contrariu</strong></span> 
     </span>
     <span class='ocr_line' id='line_1_10' title="bbox 146 1091 1110 1177; baseline -0.001 -21"><span class='ocrx_word' id='word_1_66' title='bbox 146 1093 210 1176; x_wconf 74' lang='lat' dir='ltr'><strong>lept</strong></span> <span class='ocrx_word' id='word_1_67' title='bbox 232 1093 308 1158; x_wconf 89' lang='lat' dir='ltr'><strong>huie</strong></span> <span class='ocrx_word' id='word_1_68' title='bbox 330 1092 503 1177; x_wconf 86' lang='lat' dir='ltr'><strong>videretur,</strong></span> <span class='ocrx_word' id='word_1_69' title='bbox 526 1093 554 1156; x_wconf 93' lang='lat' dir='ltr'><strong>si</strong></span> <span class='ocrx_word' id='word_1_70' title='bbox 578 1092 626 1156; x_wconf 87' lang='lat' dir='ltr'><strong>ita</strong></span> <span class='ocrx_word' id='word_1_71' title='bbox 650 1093 774 1176; x_wconf 81' lang='lat' dir='ltr'><strong>scripta</strong></span> <span class='ocrx_word' id='word_1_72' title='bbox 796 1095 890 1175; x_wconf 85' lang='lat' dir='ltr'><strong>esset,</strong></span> <span class='ocrx_word' id='word_1_73' title='bbox 912 1094 949 1156; x_wconf 90' lang='lat' dir='ltr'><strong>ut</strong></span> <span class='ocrx_word' id='word_1_74' title='bbox 972 1091 1110 1156; x_wconf 83' lang='lat' dir='ltr'><strong>fulmine</strong></span> 
     </span>
     <span class='ocr_line' id='line_1_11' title="bbox 95 1179 1111 1266; baseline 0 -22"><span class='ocrx_word' id='word_1_75' title='bbox 95 1197 128 1247; x_wconf 89' lang='lat'><strong>10</strong></span> <span class='ocrx_word' id='word_1_76' title='bbox 147 1181 205 1246; x_wconf 83' lang='lat' dir='ltr'><strong>icti</strong></span> <span class='ocrx_word' id='word_1_77' title='bbox 229 1182 454 1266; x_wconf 73' lang='lat' dir='ltr'><strong>sepelirentur:</strong></span> <span class='ocrx_word' id='word_1_78' title='bbox 477 1183 548 1245; x_wconf 91' lang='lat' dir='ltr'><strong>tum</strong></span> <span class='ocrx_word' id='word_1_79' title='bbox 573 1181 658 1247; x_wconf 88' lang='lat' dir='ltr'><strong>enim</strong></span> <span class='ocrx_word' id='word_1_80' title='bbox 681 1181 755 1265; x_wconf 87' lang='lat' dir='ltr'><strong>ipsa</strong></span> <span class='ocrx_word' id='word_1_81' title='bbox 778 1180 946 1264; x_wconf 84' lang='lat' dir='ltr'><strong>sepultura</strong></span> <span class='ocrx_word' id='word_1_82' title='bbox 968 1179 1036 1244; x_wconf 89' lang='lat' dir='ltr'><strong>illis</strong></span> <span class='ocrx_word' id='word_1_83' title='bbox 1056 1180 1111 1244; x_wconf 91' lang='lat' dir='ltr'><strong>ad-</strong></span> 
     </span>
     <span class='ocr_line' id='line_1_12' title="bbox 147 1269 1111 1354; baseline 0 -20"><span class='ocrx_word' id='word_1_84' title='bbox 147 1270 271 1354; x_wconf 83' lang='lat' dir='ltr'><strong>signari</strong></span> <span class='ocrx_word' id='word_1_85' title='bbox 293 1270 467 1353; x_wconf 84' lang='lat' dir='ltr'><strong>rideretur,</strong></span> <span class='ocrx_word' id='word_1_86' title='bbox 489 1291 574 1336; x_wconf 87' lang='lat' dir='ltr'><strong>nune</strong></span> <span class='ocrx_word' id='word_1_87' title='bbox 597 1272 726 1335; x_wconf 86' lang='lat' dir='ltr'><strong>tentum</strong></span> <span class='ocrx_word' id='word_1_88' title='bbox 749 1269 849 1335; x_wconf 86' lang='lat' dir='ltr'><strong>loeus.</strong></span> <span class='ocrx_word' id='word_1_89' title='bbox 881 1272 915 1336; x_wconf 91' lang='lat' dir='ltr'><strong>et</strong></span> <span class='ocrx_word' id='word_1_90' title='bbox 936 1289 1034 1352; x_wconf 91' lang='lat' dir='ltr'><strong>porro</strong></span> <span class='ocrx_word' id='word_1_91' title='bbox 1058 1269 1111 1334; x_wconf 83' lang='lat' dir='ltr'><strong>eui</strong></span> 
     </span>
     <span class='ocr_line' id='line_1_13' title="bbox 147 1356 1110 1449; baseline 0.001 -27"><span class='ocrx_word' id='word_1_92' title='bbox 147 1360 313 1443; x_wconf 87' lang='lat' dir='ltr'><strong>sepultura</strong></span> <span class='ocrx_word' id='word_1_93' title='bbox 343 1380 411 1424; x_wconf 91' lang='lat' dir='ltr'><strong>non</strong></span> <span class='ocrx_word' id='word_1_94' title='bbox 443 1358 513 1423; x_wconf 89' lang='lat' dir='ltr'><strong>dari</strong></span> <span class='ocrx_word' id='word_1_95' title='bbox 536 1358 645 1449; x_wconf 84' lang='lat' dir='ltr'><strong>debet,</strong></span> <span class='ocrx_word' id='word_1_96' title='bbox 674 1356 841 1441; x_wconf 83' lang='lat' dir='ltr'><strong>adsignari</strong></span> <span class='ocrx_word' id='word_1_97' title='bbox 868 1357 960 1423; x_wconf 86' lang='lat' dir='ltr'><strong>loeus</strong></span> <span class='ocrx_word' id='word_1_98' title='bbox 992 1356 1110 1423; x_wconf 76' lang='lat' dir='ltr'><strong>debet?</strong></span> 
     </span>
     <span class='ocr_line' id='line_1_14' title="bbox 148 1445 1110 1531; baseline 0.001 -20"><span class='ocrx_word' id='word_1_99' title='bbox 148 1447 236 1528; x_wconf 85' lang='lat' dir='ltr'><strong>[sed]</strong></span> <span class='ocrx_word' id='word_1_100' title='bbox 270 1447 443 1531; x_wconf 80' lang='lat' dir='ltr'><strong>Tyrannus</strong></span> <span class='ocrx_word' id='word_1_101' title='bbox 476 1446 611 1512; x_wconf 85' lang='lat' dir='ltr'><strong>fulmine</strong></span> <span class='ocrx_word' id='word_1_102' title='bbox 647 1447 731 1512; x_wconf 83' lang='lat' dir='ltr'><strong>ictus</strong></span> <span class='ocrx_word' id='word_1_103' title='bbox 764 1449 815 1512; x_wconf 87' lang='lat' dir='ltr'><strong>est</strong></span> <span class='ocrx_word' id='word_1_104' title='bbox 847 1483 889 1492; x_wconf 94' lang='lat'>—</span> <span class='ocrx_word' id='word_1_105' title='bbox 922 1466 990 1511; x_wconf 89' lang='lat' dir='ltr'><strong>non</strong></span> <span class='ocrx_word' id='word_1_106' title='bbox 1028 1445 1110 1530; x_wconf 85' lang='lat' dir='ltr'><strong>dieo,</strong></span> 
     </span>
     <span class='ocr_line' id='line_1_15' title="bbox 147 1534 1109 1620; baseline 0.002 -22"><span class='ocrx_word' id='word_1_107' title='bbox 147 1557 210 1620; x_wconf 85' lang='lat' dir='ltr'><strong>quo</strong></span> <span class='ocrx_word' id='word_1_108' title='bbox 238 1535 324 1618; x_wconf 89' lang='lat' dir='ltr'><strong>loco,</strong></span> <span class='ocrx_word' id='word_1_109' title='bbox 351 1557 412 1601; x_wconf 86' lang='lat' dir='ltr'><strong>nee</strong></span> <span class='ocrx_word' id='word_1_110' title='bbox 439 1535 544 1600; x_wconf 88' lang='lat' dir='ltr'><strong>adhue</strong></span> <span class='ocrx_word' id='word_1_111' title='bbox 572 1534 614 1600; x_wconf 87' lang='lat' dir='ltr'><strong>ad</strong></span> <span class='ocrx_word' id='word_1_112' title='bbox 640 1538 819 1601; x_wconf 83' lang='lat' dir='ltr'><strong>tractatum</strong></span> <span class='ocrx_word' id='word_1_113' title='bbox 845 1535 942 1600; x_wconf 84' lang='lat' dir='ltr'><strong>huius</strong></span> <span class='ocrx_word' id='word_1_114' title='bbox 965 1534 1109 1600; x_wconf 81' lang='lat' dir='ltr'><strong>inuidiae</strong></span> 
     </span>
     <span class='ocr_line' id='line_1_16' title="bbox 47 1622 1110 1708; baseline 0.001 -21"><span class='ocrx_word' id='word_1_115' title='bbox 47 1701 50 1704; x_wconf 21' lang='grc' dir='ltr'>Ι</span> <span class='ocrx_word' id='word_1_116' title='bbox 95 1638 127 1687; x_wconf 79' lang='grc'><strong>15</strong></span> <span class='ocrx_word' id='word_1_117' title='bbox 147 1622 321 1688; x_wconf 79' lang='lat' dir='ltr'><strong>aceede-2</strong></span> <span class='ocrx_word' id='word_1_118' title='bbox 343 1622 408 1689; x_wconf 88' lang='lat' dir='ltr'><strong>hoe</strong></span> <span class='ocrx_word' id='word_1_119' title='bbox 425 1623 475 1688; x_wconf 90' lang='lat' dir='ltr'><strong>illi</strong></span> <span class='ocrx_word' id='word_1_120' title='bbox 493 1623 660 1708; x_wconf 83' lang='lat' dir='ltr'><strong>proderit?</strong></span> <span class='ocrx_word' id='word_1_121' title='bbox 684 1624 713 1688; x_wconf 90' lang='lat' dir='ltr'><strong>si</strong></span> <span class='ocrx_word' id='word_1_122' title='bbox 729 1623 826 1689; x_wconf 90' lang='lat' dir='ltr'><strong>nubis</strong></span> <span class='ocrx_word' id='word_1_123' title='bbox 844 1623 1033 1689; x_wconf 87' lang='lat' dir='ltr'><strong>libertatem</strong></span> <span class='ocrx_word' id='word_1_124' title='bbox 1050 1622 1110 1688; x_wconf 91' lang='lat' dir='ltr'><strong>hu-</strong></span> 
     </span>
     <span class='ocr_line' id='line_1_17' title="bbox 146 1711 1111 1792; baseline 0.003 -17"><span class='ocrx_word' id='word_1_125' title='bbox 146 1732 261 1776; x_wconf 84' lang='lat' dir='ltr'><strong>manae</strong></span> <span class='ocrx_word' id='word_1_126' title='bbox 285 1733 401 1777; x_wconf 90' lang='lat' dir='ltr'><strong>manus</strong></span> <span class='ocrx_word' id='word_1_127' title='bbox 425 1716 458 1777; x_wconf 90' lang='lat' dir='ltr'><strong>et</strong></span> <span class='ocrx_word' id='word_1_128' title='bbox 479 1713 632 1778; x_wconf 88' lang='lat' dir='ltr'><strong>mortalia</strong></span> <span class='ocrx_word' id='word_1_129' title='bbox 656 1713 792 1791; x_wconf 76' lang='lat' dir='ltr'><strong>aemilia</strong></span> <span class='ocrx_word' id='word_1_130' title='bbox 815 1711 1016 1792; x_wconf 81' lang='lat' dir='ltr'><strong>attulissent,</strong></span> <span class='ocrx_word' id='word_1_131' title='bbox 1043 1714 1111 1778; x_wconf 86' lang='lat' dir='ltr'><strong>tra-</strong></span> 
     </span>
     <span class='ocr_line' id='line_1_18' title="bbox 145 1800 1111 1886; baseline 0 -21"><span class='ocrx_word' id='word_1_132' title='bbox 145 1800 277 1865; x_wconf 87' lang='lat' dir='ltr'><strong>heretur</strong></span> <span class='ocrx_word' id='word_1_133' title='bbox 315 1801 456 1885; x_wconf 77' lang='lat' dir='ltr'><strong>publicis</strong></span> <span class='ocrx_word' id='word_1_134' title='bbox 491 1802 643 1867; x_wconf 88' lang='lat' dir='ltr'><strong>manibus</strong></span> <span class='ocrx_word' id='word_1_135' title='bbox 680 1822 796 1886; x_wconf 88' lang='lat' dir='ltr'><strong>eorpus</strong></span> <span class='ocrx_word' id='word_1_136' title='bbox 833 1804 925 1867; x_wconf 83' lang='lat' dir='ltr'><strong>extra</strong></span> <span class='ocrx_word' id='word_1_137' title='bbox 960 1801 1040 1866; x_wconf 89' lang='lat' dir='ltr'><strong>fines</strong></span> <span class='ocrx_word' id='word_1_138' title='bbox 1077 1804 1111 1866; x_wconf 87' lang='lat' dir='ltr'><strong>et</strong></span> 
     </span>
     <span class='ocr_line' id='line_1_19' title="bbox 145 1889 1109 1976; baseline -0.001 -21"><span class='ocrx_word' id='word_1_139' title='bbox 145 1891 367 1975; x_wconf 82' lang='lat' dir='ltr'><strong>unusquisque</strong></span> <span class='ocrx_word' id='word_1_140' title='bbox 398 1891 571 1956; x_wconf 82' lang='lat' dir='ltr'><strong>vexatione</strong></span> <span class='ocrx_word' id='word_1_141' title='bbox 604 1890 672 1957; x_wconf 89' lang='lat' dir='ltr'><strong>eins</strong></span> <span class='ocrx_word' id='word_1_142' title='bbox 704 1890 909 1976; x_wconf 89' lang='lat' dir='ltr'><strong>ludibrioque</strong></span> <span class='ocrx_word' id='word_1_143' title='bbox 940 1889 1109 1975; x_wconf 80' lang='lat' dir='ltr'><strong>gauderet3</strong></span> 
     </span>
     <span class='ocr_line' id='line_1_20' title="bbox 145 1979 1108 2064; baseline 0 -20"><span class='ocrx_word' id='word_1_144' title='bbox 145 2000 241 2045; x_wconf 88' lang='lat' dir='ltr'><strong>nemo</strong></span> <span class='ocrx_word' id='word_1_145' title='bbox 268 2001 333 2045; x_wconf 93' lang='lat' dir='ltr'><strong>non</strong></span> <span class='ocrx_word' id='word_1_146' title='bbox 358 2001 450 2045; x_wconf 86' lang='lat' dir='ltr'><strong>suam</strong></span> <span class='ocrx_word' id='word_1_147' title='bbox 473 2001 606 2046; x_wconf 89' lang='lat' dir='ltr'><strong>manum</strong></span> <span class='ocrx_word' id='word_1_148' title='bbox 628 2001 713 2064; x_wconf 85' lang='lat' dir='ltr'><strong>esse,</strong></span> <span class='ocrx_word' id='word_1_149' title='bbox 740 2001 822 2064; x_wconf 88' lang='lat' dir='ltr'><strong>quae</strong></span> <span class='ocrx_word' id='word_1_150' title='bbox 845 1979 1005 2062; x_wconf 80' lang='lat' dir='ltr'><strong>traheret,</strong></span> <span class='ocrx_word' id='word_1_151' title='bbox 1032 1999 1108 2044; x_wconf 83' lang='lat' dir='ltr'><strong>suas</strong></span> 
     </span>
     <span class='ocr_line' id='line_1_21' title="bbox 93 2066 1110 2154; baseline 0 -22"><span class='ocrx_word' id='word_1_152' title='bbox 93 2082 127 2133; x_wconf 78' lang='lat'><strong>20</strong></span> <span class='ocrx_word' id='word_1_153' title='bbox 146 2068 230 2134; x_wconf 87' lang='lat' dir='ltr'><strong>vires</strong></span> <span class='ocrx_word' id='word_1_154' title='bbox 258 2072 397 2152; x_wconf 83' lang='lat' dir='ltr'><strong>optaret:</strong></span> <span class='ocrx_word' id='word_1_155' title='bbox 429 2069 583 2154; x_wconf 89' lang='lat' dir='ltr'><strong>quoniam</strong></span> <span class='ocrx_word' id='word_1_156' title='bbox 611 2070 732 2135; x_wconf 84' lang='lat' dir='ltr'><strong>seelera</strong></span> <span class='ocrx_word' id='word_1_157' title='bbox 758 2068 828 2134; x_wconf 89' lang='lat' dir='ltr'><strong>eius</strong></span> <span class='ocrx_word' id='word_1_158' title='bbox 859 2070 955 2153; x_wconf 87' lang='lat' dir='ltr'><strong>atque</strong></span> <span class='ocrx_word' id='word_1_159' title='bbox 982 2066 1110 2153; x_wconf 84' lang='lat' dir='ltr'><strong>flagitia</strong></span> 
     </span>
     <span class='ocr_line' id='line_1_22' title="bbox 146 2156 1110 2243; baseline -0.002 -21"><span class='ocrx_word' id='word_1_160' title='bbox 146 2158 187 2222; x_wconf 87' lang='lat' dir='ltr'><strong>ab</strong></span> <span class='ocrx_word' id='word_1_161' title='bbox 217 2158 296 2243; x_wconf 90' lang='lat' dir='ltr'><strong>ipsis</strong></span> <span class='ocrx_word' id='word_1_162' title='bbox 326 2158 388 2224; x_wconf 87' lang='lat' dir='ltr'><strong>diis</strong></span> <span class='ocrx_word' id='word_1_163' title='bbox 411 2158 653 2226; x_wconf 81' lang='lat' dir='ltr'><strong>immortalibus</strong></span> <span class='ocrx_word' id='word_1_164' title='bbox 676 2156 890 2225; x_wconf 76' lang='lat' dir='ltr'><strong>condemnata</strong></span> <span class='ocrx_word' id='word_1_165' title='bbox 913 2159 1002 2240; x_wconf 87' lang='lat' dir='ltr'><strong>sunt,</strong></span> <span class='ocrx_word' id='word_1_166' title='bbox 1029 2177 1110 2239; x_wconf 89' lang='lat' dir='ltr'><strong>quo-</strong></span> 
     </span>
     <span class='ocr_line' id='line_1_23' title="bbox 146 2245 1111 2331; baseline -0.001 -20"><span class='ocrx_word' id='word_1_167' title='bbox 146 2247 236 2311; x_wconf 88' lang='lat' dir='ltr'><strong>niam</strong></span> <span class='ocrx_word' id='word_1_168' title='bbox 254 2248 447 2331; x_wconf 86' lang='lat' dir='ltr'><strong>patientiam</strong></span> <span class='ocrx_word' id='word_1_169' title='bbox 464 2251 612 2314; x_wconf 88' lang='lat' dir='ltr'><strong>nostram</strong></span> <span class='ocrx_word' id='word_1_170' title='bbox 630 2268 667 2312; x_wconf 85' lang='lat' dir='ltr'><strong>ae</strong></span> <span class='ocrx_word' id='word_1_171' title='bbox 685 2247 876 2312; x_wconf 78' lang='lat' dir='ltr'><strong>servitutem</strong></span> <span class='ocrx_word' id='word_1_172' title='bbox 888 2245 1025 2310; x_wconf 87' lang='lat' dir='ltr'><strong>numina</strong></span> <span class='ocrx_word' id='word_1_173' title='bbox 1042 2267 1111 2310; x_wconf 92' lang='lat' dir='ltr'><strong>non</strong></span> 
     </span>
     <span class='ocr_line' id='line_1_24' title="bbox 145 2333 1109 2420; baseline 0.003 -24"><span class='ocrx_word' id='word_1_174' title='bbox 145 2334 300 2418; x_wconf 85' lang='lat' dir='ltr'><strong>tulerunt,</strong></span> <span class='ocrx_word' id='word_1_175' title='bbox 324 2335 491 2420; x_wconf 85' lang='lat' dir='ltr'><strong>continget</strong></span> <span class='ocrx_word' id='word_1_176' title='bbox 512 2335 564 2399; x_wconf 88' lang='lat' dir='ltr'><strong>illi</strong></span> <span class='ocrx_word' id='word_1_177' title='bbox 586 2334 713 2400; x_wconf 81' lang='lat' dir='ltr'><strong>honor?</strong></span> <span class='ocrx_word' id='word_1_178' title='bbox 736 2335 798 2399; x_wconf 88' lang='lat' dir='ltr'><strong>hoe</strong></span> <span class='ocrx_word' id='word_1_179' title='bbox 813 2334 901 2400; x_wconf 90' lang='lat' dir='ltr'><strong>enim</strong></span> <span class='ocrx_word' id='word_1_180' title='bbox 919 2333 1025 2399; x_wconf 85' lang='lat' dir='ltr'><strong>voluit</strong></span> <span class='ocrx_word' id='word_1_181' title='bbox 1042 2333 1109 2418; x_wconf 86' lang='lat' dir='ltr'><strong>ille,</strong></span> 
     </span>
     <span class='ocr_line' id='line_1_25' title="bbox 146 2420 1110 2508; baseline 0.003 -24"><span class='ocrx_word' id='word_1_182' title='bbox 146 2423 202 2504; x_wconf 91' lang='lat' dir='ltr'><strong>qui</strong></span> <span class='ocrx_word' id='word_1_183' title='bbox 225 2421 349 2488; x_wconf 86' lang='lat' dir='ltr'><strong>fulmen</strong></span> <span class='ocrx_word' id='word_1_184' title='bbox 367 2422 536 2489; x_wconf 76' lang='lat' dir='ltr'><strong>uibrauit?</strong></span> <span class='ocrx_word' id='word_1_185' title='bbox 575 2421 637 2488; x_wconf 87' lang='lat' dir='ltr'><strong>hoe</strong></span> <span class='ocrx_word' id='word_1_186' title='bbox 660 2423 828 2508; x_wconf 75' lang='lat' dir='ltr'><strong>cogitavit,</strong></span> <span class='ocrx_word' id='word_1_187' title='bbox 851 2444 924 2488; x_wconf 87' lang='lat' dir='ltr'><strong>eum</strong></span> <span class='ocrx_word' id='word_1_188' title='bbox 945 2420 1028 2487; x_wconf 92' lang='lat' dir='ltr'><strong>illud</strong></span> <span class='ocrx_word' id='word_1_189' title='bbox 1050 2444 1110 2487; x_wconf 88' lang='lat' dir='ltr'><strong>no·</strong></span> 
     </span>
     <span class='ocr_line' id='line_1_26' title="bbox 92 2509 1109 2596; baseline 0.003 -23"><span class='ocrx_word' id='word_1_190' title='bbox 92 2511 236 2574; x_wconf 77' lang='lat' dir='ltr'><strong>sexium</strong></span> <span class='ocrx_word' id='word_1_191' title='bbox 259 2514 358 2593; x_wconf 84' lang='lat' dir='ltr'><strong>eaput</strong></span> <span class='ocrx_word' id='word_1_192' title='bbox 382 2511 482 2575; x_wconf 86' lang='lat' dir='ltr'><strong>saeris</strong></span> <span class='ocrx_word' id='word_1_193' title='bbox 500 2511 646 2575; x_wconf 85' lang='lat' dir='ltr'><strong>¹ilemmis</strong></span> <span class='ocrx_word' id='word_1_194' title='bbox 669 2509 808 2595; x_wconf 76' lang='lat' dir='ltr'><strong>petivit?</strong></span> <span class='ocrx_word' id='word_1_195' title='bbox 830 2533 948 2596; x_wconf 89' lang='lat' dir='ltr'><strong>parum</strong></span> <span class='ocrx_word' id='word_1_196' title='bbox 970 2515 1041 2576; x_wconf 88' lang='lat' dir='ltr'><strong>erat</strong></span> <span class='ocrx_word' id='word_1_197' title='bbox 1060 2532 1109 2576; x_wconf 89' lang='lat' dir='ltr'><strong>se·</strong></span> 
     </span>
     <span class='ocr_line' id='line_1_27' title="bbox 144 2598 1108 2685; baseline 0.002 -23"><span class='ocrx_word' id='word_1_198' title='bbox 144 2598 240 2681; x_wconf 87' lang='lat' dir='ltr'><strong>peliri</strong></span> <span class='ocrx_word' id='word_1_199' title='bbox 272 2603 464 2683; x_wconf 87' lang='lat' dir='ltr'><strong>tyrannum,</strong></span> <span class='ocrx_word' id='word_1_200' title='bbox 495 2598 560 2663; x_wconf 92' lang='lat' dir='ltr'><strong>nisi</strong></span> <span class='ocrx_word' id='word_1_201' title='bbox 590 2599 625 2664; x_wconf 88' lang='lat' dir='ltr'><strong>in</strong></span> <span class='ocrx_word' id='word_1_202' title='bbox 656 2598 729 2666; x_wconf 86' lang='lat' dir='ltr'><strong>foro</strong></span> <span class='ocrx_word' id='word_1_203' title='bbox 761 2600 861 2666; x_wconf 85' lang='lat' dir='ltr'><strong>etiam</strong></span> <span class='ocrx_word' id='word_1_204' title='bbox 893 2599 1108 2685; x_wconf 81' lang='lat' dir='ltr'><strong>sepeliretur?</strong></span> 
     </span>
     <span class='ocr_line' id='line_1_28' title="bbox 145 2687 1108 2774; baseline 0.002 -23"><span class='ocrx_word' id='word_1_205' title='bbox 145 2708 286 2770; x_wconf 90' lang='lat' dir='ltr'><strong>quonam</strong></span> <span class='ocrx_word' id='word_1_206' title='bbox 308 2687 378 2755; x_wconf 85' lang='lat' dir='ltr'><strong>fato</strong></span> <span class='ocrx_word' id='word_1_207' title='bbox 403 2708 463 2772; x_wconf 79' lang='lat' dir='ltr'><strong>ego</strong></span> <span class='ocrx_word' id='word_1_208' title='bbox 487 2691 635 2755; x_wconf 86' lang='lat' dir='ltr'><strong>nostram</strong></span> <span class='ocrx_word' id='word_1_209' title='bbox 658 2689 839 2774; x_wconf 83' lang='lat' dir='ltr'><strong>civitatem,</strong></span> <span class='ocrx_word' id='word_1_210' title='bbox 862 2688 994 2772; x_wconf 79' lang='lat' dir='ltr'><strong>iudices,</strong></span> <span class='ocrx_word' id='word_1_211' title='bbox 1016 2688 1108 2754; x_wconf 89' lang='lat' dir='ltr'><strong>labo·</strong></span> 
     </span>
     <span class='ocr_line' id='line_1_29' title="bbox 144 2774 1108 2863; baseline 0.002 -23"><span class='ocrx_word' id='word_1_212' title='bbox 144 2797 235 2841; x_wconf 89' lang='lat' dir='ltr'><strong>rasse</strong></span> <span class='ocrx_word' id='word_1_213' title='bbox 258 2776 369 2842; x_wconf 86' lang='lat' dir='ltr'><strong>inille</strong></span> <span class='ocrx_word' id='word_1_214' title='bbox 388 2776 520 2842; x_wconf 88' lang='lat' dir='ltr'><strong>homine</strong></span> <span class='ocrx_word' id='word_1_215' title='bbox 539 2774 740 2863; x_wconf 77' lang='lat' dir='ltr'><strong>crediderim,</strong></span> <span class='ocrx_word' id='word_1_216' title='bbox 763 2777 791 2843; x_wconf 91' lang='lat' dir='ltr'><strong>si</strong></span> <span class='ocrx_word' id='word_1_217' title='bbox 809 2781 939 2862; x_wconf 87' lang='lat' dir='ltr'><strong>praeter</strong></span> <span class='ocrx_word' id='word_1_218' title='bbox 958 2799 1007 2862; x_wconf 85' lang='lat' dir='ltr'><strong>ea,</strong></span> <span class='ocrx_word' id='word_1_219' title='bbox 1024 2799 1108 2861; x_wconf 87' lang='lat' dir='ltr'><strong>quae</strong></span> 
     </span>
     <span class='ocr_line' id='line_1_30' title="bbox 146 2864 1108 2951; baseline 0.002 -23"><span class='ocrx_word' id='word_1_220' title='bbox 146 2864 298 2930; x_wconf 85' lang='lat' dir='ltr'><strong>adversus</strong></span> <span class='ocrx_word' id='word_1_221' title='bbox 331 2886 391 2931; x_wconf 86' lang='lat' dir='ltr'><strong>nos</strong></span> <span class='ocrx_word' id='word_1_222' title='bbox 420 2865 566 2951; x_wconf 80' lang='lat' dir='ltr'><strong>singulos</strong></span> <span class='ocrx_word' id='word_1_223' title='bbox 592 2865 826 2951; x_wconf 72' lang='lat' dir='ltr'><strong>universusque</strong></span> <span class='ocrx_word' id='word_1_224' title='bbox 855 2865 948 2950; x_wconf 87' lang='lat' dir='ltr'><strong>feeit,</strong></span> <span class='ocrx_word' id='word_1_225' title='bbox 979 2869 1108 2951; x_wconf 86' lang='lat' dir='ltr'><strong>partem</strong></span> 
     </span>
     <span class='ocr_line' id='line_1_31' title="bbox 92 2953 1108 3105; baseline 0.002 -87"><span class='ocrx_word' id='word_1_226' title='bbox 92 2969 126 3019; x_wconf 84' lang='lat'><strong>30</strong></span> <span class='ocrx_word' id='word_1_227' title='bbox 143 2953 419 3105; x_wconf 67' lang='lat' dir='ltr'><strong>lspeciosissimum</strong></span> <span class='ocrx_word' id='word_1_228' title='bbox 442 2954 585 3020; x_wconf 84' lang='lat' dir='ltr'><strong>civitatis</strong></span> <span class='ocrx_word' id='word_1_229' title='bbox 609 2958 642 3020; x_wconf 91' lang='lat' dir='ltr'><strong>et</strong></span> <span class='ocrx_word' id='word_1_230' title='bbox 665 2954 910 3022; x_wconf 75' lang='lat' dir='ltr'><strong>celeberrimam</strong></span> <span class='ocrx_word' id='word_1_231' title='bbox 932 2954 1029 3021; x_wconf 87' lang='lat' dir='ltr'><strong>nobis</strong></span> <span class='ocrx_word' id='word_1_232' title='bbox 1053 2955 1108 3032; x_wconf 83' lang='lat' dir='ltr'><strong>ab·</strong></span> 
     </span>
     <span class='ocr_line' id='line_1_32' title="bbox 158 3045 352 3108; baseline 0.005 -1"><span class='ocrx_word' id='word_1_233' title='bbox 158 3045 269 3108; x_wconf 86' lang='lat' dir='ltr'><strong>aturus</strong></span> <span class='ocrx_word' id='word_1_234' title='bbox 290 3045 352 3108; x_wconf 87' lang='lat' dir='ltr'><strong>est.</strong></span> 
     </span>
    </p>
   </div>
   <div class='ocr_carea' id='block_1_3' title="bbox 143 3146 1109 3574">
    <p class='ocr_par' dir='ltr' id='par_1_3' title="bbox 143 3146 1109 3574">
     <span class='ocr_line' id='line_1_33' title="bbox 216 3146 1109 3219; baseline 0.002 -19"><span class='ocrx_word' id='word_1_235' title='bbox 216 3153 232 3200; x_wconf 77' lang='lat'><strong>2</strong></span> <span class='ocrx_word' id='word_1_236' title='bbox 252 3148 337 3216; x_wconf 85' lang='lat' dir='ltr'><strong>atque</strong></span> <span class='ocrx_word' id='word_1_237' title='bbox 355 3151 383 3199; x_wconf 70' lang='lat' dir='ltr'><strong>A·</strong></span> <span class='ocrx_word' id='word_1_238' title='bbox 391 3148 400 3216; x_wconf 79' lang='grc' dir='ltr'><strong>ΙΙ</strong></span> <span class='ocrx_word' id='word_1_239' title='bbox 415 3154 431 3203; x_wconf 83' lang='grc'>6</span> <span class='ocrx_word' id='word_1_240' title='bbox 450 3147 604 3217; x_wconf 85' lang='lat' dir='ltr'><strong>sepelietur</strong></span> <span class='ocrx_word' id='word_1_241' title='bbox 622 3152 646 3200; x_wconf 79' lang='lat' dir='ltr'>A</span> <span class='ocrx_word' id='word_1_242' title='bbox 658 3150 668 3219; x_wconf 72' lang='grc' dir='ltr'><strong>ΙΙ</strong></span> <span class='ocrx_word' id='word_1_243' title='bbox 682 3152 752 3203; x_wconf 83' lang='grc'><strong>8-9</strong></span> <span class='ocrx_word' id='word_1_244' title='bbox 771 3147 863 3203; x_wconf 88' lang='lat' dir='ltr'><strong>minus</strong></span> <span class='ocrx_word' id='word_1_245' title='bbox 881 3147 968 3218; x_wconf 88' lang='lat' dir='ltr'><strong>aliqu.</strong></span> <span class='ocrx_word' id='word_1_246' title='bbox 983 3163 1007 3202; x_wconf 87' lang='lat' dir='ltr'><strong>e.</strong></span> <span class='ocrx_word' id='word_1_247' title='bbox 1022 3162 1047 3201; x_wconf 83' lang='lat' dir='ltr'><strong>a.</strong></span> <span class='ocrx_word' id='word_1_248' title='bbox 1062 3146 1109 3202; x_wconf 87' lang='lat' dir='ltr'><strong>lex</strong></span> 
     </span>
     <span class='ocr_line' id='line_1_34' title="bbox 144 3216 1107 3288; baseline 0.001 -16"><span class='ocrx_word' id='word_1_249' title='bbox 144 3217 210 3272; x_wconf 84' lang='lat' dir='ltr'><strong>huie</strong></span> <span class='ocrx_word' id='word_1_250' title='bbox 229 3217 285 3272; x_wconf 86' lang='lat' dir='ltr'><strong>vid.</strong></span> <span class='ocrx_word' id='word_1_251' title='bbox 304 3218 349 3274; x_wconf 85' lang='lat' dir='ltr'><strong>Ro</strong></span> <span class='ocrx_word' id='word_1_252' title='bbox 362 3219 401 3288; x_wconf 83' lang='lat' dir='ltr'><strong>l9</strong></span> <span class='ocrx_word' id='word_1_253' title='bbox 420 3217 487 3273; x_wconf 75' lang='lat' dir='ltr'><strong>*lex</strong></span> <span class='ocrx_word' id='word_1_254' title='bbox 504 3219 570 3273; x_wconf 87' lang='lat' dir='ltr'><strong>huie</strong></span> <span class='ocrx_word' id='word_1_255' title='bbox 588 3222 649 3288; x_wconf 67' lang='grc' dir='ltr'><strong>ης</strong></span> <span class='ocrx_word' id='word_1_256' title='bbox 674 3235 712 3274; x_wconf 81' lang='lat' dir='ltr'><strong>au</strong></span> <span class='ocrx_word' id='word_1_257' title='bbox 730 3220 805 3273; x_wconf 82' lang='lat' dir='ltr'><strong>cont.</strong></span> <span class='ocrx_word' id='word_1_258' title='bbox 823 3219 870 3274; x_wconf 86' lang='lat' dir='ltr'><strong>lex</strong></span> <span class='ocrx_word' id='word_1_259' title='bbox 886 3218 943 3274; x_wconf 86' lang='lat' dir='ltr'><strong>ista</strong></span> <span class='ocrx_word' id='word_1_260' title='bbox 960 3217 1027 3273; x_wconf 87' lang='lat' dir='ltr'><strong>huie</strong></span> <span class='ocrx_word' id='word_1_261' title='bbox 1045 3216 1107 3288; x_wconf 65' lang='grc' dir='ltr'>(ἣΙΙ</span> 
     </span>
     <span class='ocr_line' id='line_1_35' title="bbox 145 3287 1108 3360; baseline 0.001 -17"><span class='ocrx_word' id='word_1_262' title='bbox 145 3294 179 3343; x_wconf 89' lang='grc'><strong>10</strong></span> <span class='ocrx_word' id='word_1_263' title='bbox 198 3289 347 3359; x_wconf 79' lang='lat' dir='ltr'><strong>adsignare</strong></span> <span class='ocrx_word' id='word_1_264' title='bbox 365 3294 389 3342; x_wconf 79' lang='lat' dir='ltr'>A</span> <span class='ocrx_word' id='word_1_265' title='bbox 402 3289 411 3359; x_wconf 73' lang='grc' dir='ltr'><strong>ΙΙ</strong></span> <span class='ocrx_word' id='word_1_266' title='bbox 428 3295 458 3344; x_wconf 89' lang='grc'><strong>11</strong></span> <span class='ocrx_word' id='word_1_267' title='bbox 479 3307 545 3343; x_wconf 89' lang='lat' dir='ltr'><strong>num</strong></span> <span class='ocrx_word' id='word_1_268' title='bbox 563 3291 607 3359; x_wconf 78' lang='grc' dir='ltr'><strong>ΒΙΙ</strong></span> <span class='ocrx_word' id='word_1_269' title='bbox 623 3296 655 3345; x_wconf 79' lang='lat'><strong>12</strong></span> <span class='ocrx_word' id='word_1_270' title='bbox 669 3305 725 3345; x_wconf 88' lang='lat' dir='ltr'><strong>non</strong></span> <span class='ocrx_word' id='word_1_271' title='bbox 740 3287 801 3344; x_wconf 88' lang='lat' dir='ltr'><strong>dari</strong></span> <span class='ocrx_word' id='word_1_272' title='bbox 813 3306 871 3345; x_wconf 87' lang='lat' dir='ltr'><strong>non</strong></span> <span class='ocrx_word' id='word_1_273' title='bbox 884 3288 970 3344; x_wconf 87' lang='lat' dir='ltr'><strong>debet</strong></span> <span class='ocrx_word' id='word_1_274' title='bbox 982 3293 1024 3343; x_wconf 72' lang='lat' dir='ltr'><strong>Aa</strong></span> <span class='ocrx_word' id='word_1_275' title='bbox 1035 3291 1046 3360; x_wconf 78' lang='grc' dir='ltr'><strong>ΙΙ</strong></span> <span class='ocrx_word' id='word_1_276' title='bbox 1060 3289 1108 3344; x_wconf 82' lang='lat' dir='ltr'><strong>ed-</strong></span> 
     </span>
     <span class='ocr_line' id='line_1_36' title="bbox 146 3358 1109 3433; baseline 0.002 -19"><span class='ocrx_word' id='word_1_277' title='bbox 146 3358 252 3427; x_wconf 80' lang='lat' dir='ltr'><strong>signari</strong></span> <span class='ocrx_word' id='word_1_278' title='bbox 270 3361 288 3414; x_wconf 94' lang='lat' dir='ltr'><strong>l.</strong></span> <span class='ocrx_word' id='word_1_279' title='bbox 309 3360 394 3416; x_wconf 88' lang='lat' dir='ltr'><strong>debet</strong></span> <span class='ocrx_word' id='word_1_280' title='bbox 411 3376 462 3417; x_wconf 87' lang='lat' dir='ltr'><strong>om.</strong></span> <span class='ocrx_word' id='word_1_281' title='bbox 481 3365 522 3414; x_wconf 71' lang='lat' dir='ltr'><strong>Aa</strong></span> <span class='ocrx_word' id='word_1_282' title='bbox 539 3362 549 3432; x_wconf 87' lang='grc' dir='ltr'><strong>ΙΙ</strong></span> <span class='ocrx_word' id='word_1_283' title='bbox 570 3367 602 3416; x_wconf 82' lang='lat' dir='ltr'><strong>le</strong></span> <span class='ocrx_word' id='word_1_284' title='bbox 622 3360 695 3433; x_wconf 84' lang='lat' dir='ltr'><strong>[sed]</strong></span> <span class='ocrx_word' id='word_1_285' title='bbox 715 3359 760 3415; x_wconf 83' lang='lat' dir='ltr'><strong>Ro</strong></span> <span class='ocrx_word' id='word_1_286' title='bbox 776 3361 835 3431; x_wconf 72' lang='grc'><strong>1111</strong></span> <span class='ocrx_word' id='word_1_287' title='bbox 852 3359 998 3415; x_wconf 82' lang='lat' dir='ltr'><strong>traherent</strong></span> <span class='ocrx_word' id='word_1_288' title='bbox 1015 3362 1109 3432; x_wconf 68' lang='grc'><strong>31120</strong></span> 
     </span>
     <span class='ocr_line' id='line_1_37' title="bbox 144 3429 1109 3514; baseline 0.001 -30"><span class='ocrx_word' id='word_1_289' title='bbox 144 3430 258 3498; x_wconf 85' lang='lat' dir='ltr'><strong>putaret</strong></span> <span class='ocrx_word' id='word_1_290' title='bbox 276 3435 336 3498; x_wconf 75' lang='lat' dir='ltr'><strong>AB,</strong></span> <span class='ocrx_word' id='word_1_291' title='bbox 356 3448 424 3488; x_wconf 79' lang='lat' dir='ltr'><strong>corr.</strong></span> <span class='ocrx_word' id='word_1_292' title='bbox 440 3431 556 3501; x_wconf 68' lang='grc'><strong>301125</strong></span> <span class='ocrx_word' id='word_1_293' title='bbox 574 3447 672 3514; x_wconf 83' lang='lat' dir='ltr'><strong>perum</strong></span> <span class='ocrx_word' id='word_1_294' title='bbox 690 3435 731 3488; x_wconf 71' lang='lat' dir='ltr'><strong>A·</strong></span> <span class='ocrx_word' id='word_1_295' title='bbox 743 3433 753 3502; x_wconf 77' lang='grc' dir='ltr'><strong>ΙΙ</strong></span> <span class='ocrx_word' id='word_1_296' title='bbox 766 3436 801 3486; x_wconf 70' lang='lat'><strong>2⁷</strong></span> <span class='ocrx_word' id='word_1_297' title='bbox 820 3429 954 3500; x_wconf 86' lang='lat' dir='ltr'><strong>quoniam</strong></span> <span class='ocrx_word' id='word_1_298' title='bbox 972 3430 1109 3514; x_wconf 59' lang='lat' dir='ltr'><strong>311qu</strong></span> 
     </span>
     <span class='ocr_line' id='line_1_38' title="bbox 143 3499 1072 3574; baseline 0.001 -21"><span class='ocrx_word' id='word_1_299' title='bbox 143 3499 162 3553; x_wconf 90' lang='lat' dir='ltr'><strong>l.</strong></span> <span class='ocrx_word' id='word_1_300' title='bbox 181 3500 259 3555; x_wconf 89' lang='lat' dir='ltr'><strong>nullo</strong></span> <span class='ocrx_word' id='word_1_301' title='bbox 278 3502 306 3558; x_wconf 89' lang='lat' dir='ltr'><strong>h.</strong></span> <span class='ocrx_word' id='word_1_302' title='bbox 325 3507 345 3554; x_wconf 82' lang='lat' dir='ltr'>B</span> <span class='ocrx_word' id='word_1_303' title='bbox 368 3505 378 3574; x_wconf 89' lang='lat' dir='ltr'><strong>l</strong></span> <span class='ocrx_word' id='word_1_304' title='bbox 398 3508 432 3558; x_wconf 78' lang='lat'><strong>28</strong></span> <span class='ocrx_word' id='word_1_305' title='bbox 451 3502 602 3558; x_wconf 79' lang='lat' dir='ltr'><strong>crediderit</strong></span> <span class='ocrx_word' id='word_1_306' title='bbox 619 3503 853 3574; x_wconf 69' lang='lat' dir='ltr'><strong>lupraeteream</strong></span> <span class='ocrx_word' id='word_1_307' title='bbox 870 3502 962 3571; x_wconf 65' lang='lat' dir='ltr'><strong>Bfltt</strong></span> <span class='ocrx_word' id='word_1_308' title='bbox 982 3517 1032 3557; x_wconf 84' lang='lat' dir='ltr'><strong>ros</strong></span> <span class='ocrx_word' id='word_1_309' title='bbox 1051 3505 1072 3554; x_wconf 78' lang='lat' dir='ltr'>B</span> 
     </span>
    </p>
   </div>
   <div class='ocr_carea' id='block_1_4' title="bbox 0 0 1200 3862">
    <p class='ocr_par' dir='ltr' id='par_1_4' title="bbox 0 0 1200 3862">
     <span class='ocr_line' id='line_1_39' title="bbox 0 0 1200 3862; baseline 0 0"><span class='ocrx_word' id='word_1_310' title='bbox 0 0 1200 3862; x_wconf 95' lang='lat' dir='ltr'><strong> </strong></span> 
     </span>
    </p>
   </div>
  </div>
 </body>
</html>
