2392 3862
148 235 214 300 344
515 233 746 301 QUINTILIANI

149 402 182 463 et
206 398 289 462 alius
309 398 448 462 fortasse
467 401 595 463 tantum
613 397 820 481 usurpaverit
838 397 1036 481 libertatem,
1061 397 1119 463 hic

148 489 181 551 et
206 486 405 569 adprobavit.
451 487 591 571 quibus?
622 481 826 569 publicanis:
849 485 1037 550 hominibus
1064 485 1117 570 (ut

148 575 337 658 parcissime
361 573 479 659 dicam)
503 575 772 658 diligentissimis,
802 575 837 639 in
861 596 989 639 summa
1011 575 1116 639 velim

149 664 317 728 ostendere
340 666 446 727 totum
465 668 557 728 tuum
577 665 781 728 comitatum:
805 663 876 747 quis
895 662 1029 728 habitus
1051 683 1118 728 ser-

114 769 262 818 ovorum
286 751 372 819 fuit?
973 800 984 820 .

215 841 310 924 „Ego
334 844 458 921 tamen,
485 841 606 925 inquit,
634 862 701 905 non
724 862 762 904 ea
785 840 953 904 voluntate
976 837 1054 922 feci,
1078 842 1118 903 ut

148 929 201 992 hie
229 930 312 993 liber
340 933 438 1013 esset,
467 929 523 993 sed
552 951 603 1012 ea,
634 933 671 994 ut
697 929 829 1012 publiea
850 950 918 993 nou
941 925 1115 992 solveret“

150 1016 286 1101 Saepius
311 1017 423 1082 eadem
447 1017 582 1082 dicenda
606 1021 682 1082 sunt
709 1052 746 1062 -
773 1017 872 1081 etiam
896 1016 1116 1100 gratulamur,

150 1106 178 1169 si
201 1106 305 1171 invito
329 1109 361 1170 te
380 1106 466 1170 liber
484 1109 544 1189 est,
561 1128 614 1169 -ε
637 1106 777 1170 liberum
798 1126 867 1170 esse
886 1104 1031 1188 noluisti,
1057 1104 1117 1169 sed

96 1211 130 1261 10
148 1194 183 1258 in
207 1194 359 1259 libertate
384 1217 455 1259 esse
476 1195 619 1260 voluisti.
650 1195 732 1259 nihil
755 1195 900 1276 interest,
926 1215 990 1277 qua
1013 1213 1118 1259 causa

150 1282 212 1347 hoc
236 1283 365 1348 feceris:
388 1284 421 1347 id
445 1286 511 1367 est,
535 1282 570 1368 (u
607 1284 742 1367 propius
765 1283 805 1346 ad
828 1282 929 1347 verba
952 1280 1035 1366 legis
1061 1303 1116 1346 ac-

150 1368 275 1455 cedam)
303 1371 387 1435 nihil
414 1372 562 1456 interest,
589 1394 653 1455 qua
681 1393 779 1436 causa
806 1371 840 1434 in
863 1370 1016 1435 libertate
1040 1390 1117 1435 esse

150 1480 223 1523 eum
246 1459 397 1524 volueris.
428 1460 551 1525 Verum
574 1459 640 1524 ista
662 1481 773 1544 causa,
797 1481 893 1543 quam
916 1458 1119 1541 praetendis,

150 1546 250 1630 digna
277 1569 383 1632 poena
412 1552 470 1612 est.
517 1548 778 1613 circumscribere
801 1547 976 1631 vectigalia
998 1548 1118 1631 populi

100 1652 131 1702 15
150 1634 291 1699 Romani
309 1636 451 1701 voluisti.
483 1637 588 1720 specie
607 1636 803 1720 praetextati
822 1632 988 1719 imponere
1006 1635 1118 1718 publi-

151 1745 231 1788 cano
256 1723 398 1791 voluisti.
430 1724 641 1808 postmodum
665 1725 780 1810 dicam,
804 1728 961 1808 quantum
983 1723 1119 1788 intersit

149 1811 245 1877 huius
263 1814 368 1896 pueri:
392 1814 524 1878 interim
540 1814 654 1897 dicam,
673 1817 731 1878 tua
750 1813 826 1898 quid
844 1811 1003 1877 interest?
1027 1811 1119 1896 quod

148 1901 304 1988 petieras,
326 1923 394 1966 non
418 1902 556 1987 contigit
577 1900 662 1966 tibi?
690 1924 757 1967 non
779 1900 951 1965 fefellisti?
981 1939 984 1944 -

548 2095 720 2165 SERMO.

98 2237 132 2285 ao
218 2221 309 2286 Haec
332 2222 419 2286 circa
441 2223 501 2305 ius,
524 2224 583 2287 illa
606 2223 672 2287 iam
695 2221 781 2286 cirea
804 2221 1009 2306 aequitatem.

465 2429 801 2498 DECLAMATIO.

218 2553 307 2630 Quae
334 2574 489 2635 passurus
520 2556 570 2616 est
596 2553 649 2617 hie
677 2577 758 2638 puer
785 2555 915 2621 domino
943 2555 1117 2624 redditus?

151 2642 221 2706 sine
244 2641 341 2705 dubio
366 2640 535 2724 (ultima).
559 2642 709 2706 novimus
732 2644 831 2709 istam
853 2645 1115 2730 negotiationem

152 2733 185 2794 et
214 2729 478 2814 frequentissima
507 2730 541 2793 iu
570 2729 642 2795 foro
670 2731 815 2798 videmus
844 2734 964 2799 iudicia
992 2733 1117 2800 talium

99 2833 133 2883 25
152 2818 353 2882 iniuriarum.
389 2817 529 2883 fortasse
549 2819 649 2884 etiam
667 2825 763 2886 natus
784 2826 834 2887 est
852 2823 1023 2906 ingenuum
1046 2822 1118 2888 for·

13 2908 26 2977 l·
152 2909 239 2971 tasse
269 2910 365 2990 rapto
398 2929 436 2971 ex
469 2907 578 2991 aliquo
614 2908 709 2973 litore
743 2914 946 2993 praetextam
979 2910 1119 2977 fortuna

149 2996 299 3061 reddidit.
333 2995 413 3061 illud
437 2998 633 3082 esttamen,
656 2998 742 3081 quod
764 3020 825 3063 nos
848 2999 953 3084 magis
977 2999 1118 3067 confun-

221 3229 237 3278 2
257 3223 334 3277 euius
353 3228 373 3275 B
392 3224 402 3293 ll
424 3230 441 3277 4
460 3223 571 3280 ostendi
588 3224 643 3280 Scb
664 3227 674 3294 l
693 3230 708 3279 ‘1
728 3240 762 3278 ea
780 3240 829 3280 om.
849 3226 923 3295 1118
943 3224 1002 3281 sint
1016 3228 1038 3278 B
1052 3226 1064 3298 Ι
1078 3232 1128 3285 14-

149 3300 219 3347 -15
243 3295 395 3364 vectigalia
418 3297 455 3364 pr
470 3295 584 3350 voluisti
607 3297 701 3365 Aule
724 3296 900 3366 praetextate
917 3299 973 3362 Ab,

150 3365 223 3419 etate
241 3365 449 3435 Blpublicana
466 3370 500 3433 B,
527 3365 686 3435 publicanis
704 3370 724 3417 Ρ
741 3367 752 3435 l
771 3372 802 3421 17
822 3366 893 3420 *tua
911 3364 992 3438 [quid
1019 3364 1119 3427 intua·
1133 3368 1194 3439 ..“..,.;.

150 3438 193 3488 est
211 3434 248 3502 (2)
263 3439 273 3502 Ιι
286 3442 320 3489 23
340 3434 481 3508 (ultima)
499 3435 543 3491 Ro
564 3436 574 3505 ΙΙ
597 3436 765 3492 novissimus
783 3439 876 3506 21124
895 3434 956 3491 indi
1106 3424 1157 3459 '‘⁴'‘

149 3506 271 3573 2121127
291 3521 373 3560 amen
392 3507 501 3575 alnos
519 3522 570 3562 om.
588 3510 609 3558 B
1040 3534 1051 3541 ··
1078 3506 1095 3533 ''
