2392 3862
139 206 206 281 408
503 205 736 271 summarum

140 370 200 434 filii
232 372 339 434 cessat
362 368 527 434 officium?
578 368 675 453 „Non
698 368 834 454 optasti,
864 367 983 452 inquit,
1016 368 1101 451 quod

140 457 256 523 volui.“

208 546 279 611 Iam
303 547 428 611 excedis
452 546 558 631 legem
581 549 685 610 tuam:
715 548 808 629 pater
830 545 897 610 filio
921 545 1018 609 debes
1042 545 1101 608 im-

140 657 268 719 perare,
304 636 384 700 forti
416 657 484 700 non
511 637 615 719 potes.
669 636 763 718 potes
795 634 1102 719 peregrinationem,

106 728 236 807 apotes
267 725 432 789 militiam:
461 724 516 788 sed
538 745 604 787 non
628 722 824 787 sententiam
848 722 1001 804 iudioi[i],
1034 744 1102 787 non

142 813 305 876 decretum
337 813 563 897 magistratus,
596 834 663 876 non
690 811 871 896 praemium
897 812 984 876 forti.
1026 811 1103 894 quid

142 901 228 964 enim
252 902 303 966 lex
328 900 395 965 ait?
437 901 575 965 »fortis
609 903 747 984 optet«.
794 922 845 964 me
878 900 1040 978 nominat,
1069 904 1102 963 et

142 1011 279 1074 aequum
314 995 364 1054 est
393 989 455 1054 hoo
488 989 569 1053 mihi
599 989 799 1073 contingere:
831 989 983 1073 pugnavi.
1023 1010 1102 1053 oum

143 1099 206 1161 quo
226 1077 307 1142 mihi
325 1100 376 1142 res
397 1078 469 1142 est?
493 1100 566 1142 eum
585 1082 691 1162 patre:
714 1099 780 1142 non
799 1080 849 1141 est
868 1077 1104 1142 contumaciter

90 1184 123 1233 10
143 1167 312 1252 agendum.

208 1254 281 1341 Ego
308 1277 384 1320 vero
414 1256 512 1320 etiam
540 1255 601 1319 viri
633 1254 737 1320 fortis
763 1253 928 1337 optionem
960 1254 1104 1334 remitto,

143 1345 172 1409 si
196 1366 333 1428 aequum
357 1347 413 1427 pet
415 1345 452 1410 is
489 1343 567 1427 quid
589 1345 646 1427 pet
646 1344 701 1408 isti
631 1341 722 1407 tti?
749 1343 1023 1408 utabolitionem
1047 1363 1103 1426 op·

142 1436 255 1499 tarem
306 1436 467 1497 memento
490 1454 556 1496 non
564 1432 697 1534 omnia,
720 1435 826 1515 pater,
848 1453 908 1496 nos
931 1453 1027 1516 posse
1050 1452 1104 1516 pe-

143 1527 224 1585 tere:
256 1521 437 1604 praemium
471 1520 659 1603 accipimus,
700 1542 765 1584 non
798 1541 942 1605 regnum
998 1519 1104 1583 nescis

92 1613 299 1692 liquantum
330 1609 374 1673 sit
402 1608 615 1672 abolitionem
643 1613 766 1692 petere:
798 1613 929 1673 accusat
931 1608 980 1672 ori
1009 1608 1104 1672 silen-

143 1697 226 1760 tium
244 1697 393 1781 indicere,
416 1718 506 1761 reum
527 1697 676 1781 eximere,
699 1697 789 1780 leges
808 1697 935 1761 tollere.
966 1718 1026 1760 nee
1044 1718 1104 1782 pro

143 1789 175 1849 te
204 1787 381 1850 tenuissem
406 1788 438 1849 et
460 1785 640 1869 praemium
665 1785 885 1869 perdidissem.
932 1785 987 1848 sed
1012 1786 1104 1849 ouius

144 1874 379 1939 abolitionem?
402 1874 556 1959 „meam,“
578 1874 691 1958 inquit.
736 1873 993 1938 animadvertitis
1027 1895 1105 1958 quo·

145 1963 317 2028 dammodo
350 1964 516 2049 parricidii
548 1985 647 2029 reum.
694 1983 791 2048 agam
828 1963 937 2046 potius
962 1984 1104 2028 oausam.

90 2068 125 2117 20
144 2051 216 2117 Hoe
248 2052 429 2136 praemium
460 2052 600 2136 primum
632 2055 728 2136 turpe
756 2054 819 2133 est3
851 2050 965 2117 deinde
996 2073 1105 2135 super·
1134 2091 1135 2094 =

143 2163 290 2206 vacuum.
335 2145 441 2224 turpe:
476 2141 676 2206 damnaberis
710 2145 766 2205 tuo
790 2140 910 2205 iudicio
934 2141 968 2204 in
990 2162 1105 2225 perpe-

143 2233 243 2296 tuum.
291 2233 413 2314 quanto
446 2231 577 2313 gravius
606 2234 657 2294 est
685 2252 704 2294 a
735 2249 769 2294 se
793 2228 951 2293 damnari!
994 2231 1107 2293 tamen

144 2319 202 2384 alii
230 2324 366 2402 possunt
396 2319 515 2401 dioere,
547 2318 676 2404 »gratia
699 2318 778 2383 vioti
802 2338 943 2382 sumus«.
990 2317 1105 2381 deinde

145 2428 392 2490 supervacuum:
423 2409 578 2472 innocens
609 2428 689 2471 eras.
735 2408 790 2490 „at
818 2407 902 2469 enim
933 2405 1031 2470 dubia
1056 2410 1107 2471 est

92 2511 125 2561 25
144 2495 255 2559 iudicii
283 2495 442 2560 fortuna.“
488 2494 543 2559 sed
571 2495 668 2559 nobis
695 2516 761 2559 non
784 2494 936 2558 timenda.
983 2495 1105 2559 diluen-

145 2583 221 2646 dum
253 2583 407 2648 iudicium
440 2587 502 2647 est:
536 2582 614 2666 <in>
647 2582 770 2647 invidia
801 2587 930 2647 tantum
960 2583 1106 2648 oriminis

145 2672 263 2735 fiducia
291 2675 363 2735 erat
387 2677 420 2735 et
442 2671 477 2735 in
500 2672 619 2736 timore
641 2675 707 2736 tuo.
753 2671 863 2755 itaque
887 2676 1106 2757 apparuerunt

145 2758 304 2824 iudicibus
328 2782 393 2824 una
416 2760 526 2824 omnia
544 2764 577 2824 et
599 2759 723 2844 profuit
745 2760 823 2844 tibi,
847 2762 932 2844 quod
945 2761 1105 2827 ,abolitio-

145 2871 221 2913 nem
244 2869 310 2912 non
334 2849 456 2932 optavi:
481 2850 634 2934 apparuit
654 2855 742 2913 certa
761 2848 966 2915 innocentiae
979 2849 1106 2915 fiducia.

92 2955 127 3004 30
214 2937 303 3021 Ergo
333 2937 525 3002 advocatum
556 2943 648 3003 tuum
672 2938 817 3022 abdicas,
846 2940 1038 3024 participem
1062 2938 1108 3004 la·

217 3135 288 3185 a-4
311 3129 386 3210 impe
388 3130 463 3183 trare
485 3133 506 3181 B
529 3132 539 3197 11
562 3135 578 3182 t
602 3130 792 3184 sententiasB
814 3131 824 3199 ΙΙ
846 3135 916 3184 6-6
935 3127 1034 3182 iudicii
1051 3144 1108 3181 non

145 3203 289 3256 decretum
308 3200 492 3270 magistratus
507 3204 572 3267 AB,
592 3217 660 3256 corr.
680 3203 739 3258 edd.
754 3204 792 3269 i⁷
814 3217 850 3270 op
851 3203 933 3255 tesP
954 3200 965 3267 ss
988 3204 1019 3251 11
1041 3215 1106 3253 vero

145 3289 195 3327 om.
215 3278 235 3324 Β
254 3274 264 3342 ΙΙ
283 3278 316 3325 12
336 3271 434 3328 obolit
426 3288 519 3326 ionem
537 3271 582 3353 Ati
603 3278 636 3326 15
656 3271 860 3326 absolutionem
878 3269 1107 3338 Pnacousatoris

144 3344 189 3412 1³ss
204 3349 236 3397 16
256 3360 336 3413 regas
354 3348 395 3396 Aa
408 3344 417 3412 ss
433 3349 465 3397 17
483 3340 620 3398 tenuisset
637 3347 677 3395 Ab
696 3345 746 3412 121
767 3340 942 3396 damnaveris
961 3343 1017 3404 Ar
1037 3357 1106 3398 corr.

145 3415 211 3480 Aer,
230 3414 620 3483 fortasse*damnareris1126
639 3345 711 3486 <ing
730 3412 771 3468 Gr
783 3413 793 3484 ΙΙ
806 3418 842 3468 29
860 3411 992 3466 innocent
992 3411 1021 3465 ia
980 3412 1107 3466 t-fidu

145 3482 204 3538 ciae
222 3489 243 3536 1²

213 3564 226 3585 a
