2392 3862
155 218 222 283 432
521 217 751 284 QUINTILIANI

155 383 266 464 potest
294 380 414 445 virere:
446 380 508 445 hoc
541 386 591 446 est
619 379 731 444 miseri
757 380 883 445 iuvenis
913 380 1124 445 amatorium.

157 471 190 533 et
220 468 279 533 illo
311 469 383 534 loco
413 469 568 552 dicemus,
596 490 661 532 non
692 490 787 552 posse
821 468 913 534 illum
944 467 1124 552 aliquando

157 557 311 621 damnum
335 559 468 642 sentire,
496 557 551 642 qui
579 556 670 622 nullo
694 556 806 622 labore
829 559 937 622 tantos
961 560 1122 641 quaestus

156 644 265 710 faciat.
305 645 512 711 invidendum
536 645 599 725 illi,
624 645 688 709 nisi
711 645 786 711 leno
811 649 905 710 esset.

122 911 138 960 s
494 889 779 958 eddamvl.

405 1014 614 1095 Iphicrates
638 1031 718 1080 cum
741 1014 875 1096 gladic.

158 1156 245 1222 Reus
269 1163 319 1223 est
341 1157 536 1241 Iphicrates,
560 1128 645 1242 quod
668 1158 735 1222 rim
757 1157 878 1223 iudicio
897 1157 1020 1241 fecerit,
1045 1179 1121 1223 cum

248 1243 354 1330 Cotyn
388 1245 550 1310 Thracum
582 1265 692 1330 regem
725 1247 759 1310 in
792 1247 825 1311 id
862 1246 1050 1312 adduxisset
1087 1251 1123 1311 et

249 1335 359 1420 gladio
383 1335 508 1399 cinctus
531 1335 601 1417 ipse
623 1336 777 1400 venisset.

107 1545 140 1595 10
470 1525 807 1594 DEOLAMA'PIO.

225 1649 302 1714 Non
325 1650 459 1715 tulimus
478 1650 628 1733 tabellas,
652 1650 708 1714 sed
725 1651 888 1735 fugientes
906 1651 1122 1737 proiecimus3

158 1760 224 1805 non
257 1738 379 1803 iudices
411 1760 503 1804 reum
537 1738 762 1824 absolverunt,
794 1740 849 1804 sed
881 1762 956 1805 reus
988 1740 1122 1807 iudices.

159 1828 237 1912 quid
261 1832 311 1892 est
333 1826 405 1892 vis?
441 1828 521 1892 haec
543 1827 582 1891 fit
605 1827 686 1892 elias
709 1828 883 1913 patientia,
912 1829 993 1894 alias
1016 1833 1122 1916 metu3

160 1938 299 2001 quorum
332 1917 469 1981 alterum
502 1915 543 1981 ad
576 1938 705 2001 corpus,
738 1916 878 1982 alterum
906 1917 947 1981 ed
976 1917 1133 1998 animum·

108 2022 141 2071 15
159 2006 310 2090 pertinet.
347 2005 375 2069 si
399 2005 482 2071 male
504 2005 683 2070 iudicatum
707 2010 766 2090 est,
788 2005 852 2070 fuit
875 2005 1008 2090 aliquid,
1033 2006 1121 2090 quod

159 2094 255 2158 iudex
283 2094 423 2160 timeret.
468 2094 530 2159 hoc
559 2094 605 2158 sic
628 2093 745 2179 probe:
779 2093 884 2179 qualis
906 2095 943 2158 in
964 2093 1123 2159 iudicium

159 2182 273 2248 venis?
320 2203 379 2268 ego
410 2182 502 2247 illum
531 2182 681 2247 habitum
711 2204 838 2247 reorum
869 2203 1032 2247 noveram.
1078 2183 1121 2248 ad

161 2294 334 2354 summam,
365 2270 398 2334 id
426 2271 533 2336 solent
559 2271 606 2335 rei
634 2295 654 2336 a
685 2270 845 2336 iudicibus
875 2274 999 2355 petere,
1032 2271 1120 2355 quod

159 2381 264 2442 nuper
287 2358 409 2424 iudices
433 2360 554 2443 petiere
579 2381 598 2422 e
620 2380 686 2443 reo,
709 2362 745 2422 ut
769 2359 833 2424 sibi
856 2362 1011 2442 parceret.

106 2560 141 2616 ae
556 2548 728 2617 SERMO.

226 2673 314 2738 Reus
338 2673 427 2737 dicit:
452 2694 547 2757 „n0n‚
566 2673 681 2758 inquit,
699 2675 761 2740 hoc
780 2676 889 2741 animo
908 2675 980 2760 feci,
997 2681 1035 2742 ut
1053 2677 1122 2742 rim

160 2761 313 2827 facerem:
336 2761 418 2842 ideo,
441 2762 555 2847 inquit,
579 2763 724 2848 gladium
745 2764 852 2848 attuli,
875 2765 987 2831 utillo
1006 2787 1068 2850 me,
1091 2766 1121 2830 si

160 2851 315 2916 innocens
339 2868 511 2933 oppressus
535 2873 654 2935 essem,
677 2852 918 2918 interficerem.“

234 3050 249 3098 6
268 3042 414 3113 Epicrates
433 3047 497 3113 ΑΒ,
516 3058 585 3099 corr.
605 3043 645 3100 Gr
666 3044 676 3113 ΙΙ
699 3049 714 3097 7
735 3044 891 3114 ephierates
909 3048 947 3113 A,
981 3045 1120 3115 epictates

163 3118 184 3166 Β
207 3117 216 3186 ss
241 3119 311 3170 7-8
330 3130 393 3168 eum
412 3114 570 3169 tudiracum
588 3115 695 3185 Regem
714 3131 749 3171 en
766 3115 796 3170 id
813 3120 834 3168 Β
854 3118 863 3187 ss
886 3121 902 3170 9
923 3119 1038 3171 cunctus
1057 3121 1098 3170 Aa
1112 3117 1121 3189 Η

165 3190 196 3239 Π
216 3183 313 3310 pron>
327 3201 460 3242 noveram
473 3185 530 3240 Aer
542 3185 552 3253 ΙΙ
568 3190 600 3240 19
618 3187 765 3255 parcerent
783 3191 803 3238 Β
822 3188 878 3257 1121
899 3186 974 3243 dicet
991 3187 1048 3242 Acr
1061 3188 1071 3256 ΙΙ
1085 3193 1120 3242 22

162 3256 244 3311 retu'
264 3259 329 3325 Aa,
348 3273 417 3312 corr.
437 3255 487 3322 Gr,
506 3272 616 3311 meeum
633 3256 688 3311 tuli
708 3257 786 3326 0er
803 3264 837 3312 23
856 3275 1020 3328 suppressus
1039 3262 1060 3310 Β
