2392 3862
352 230 671 288 uncnnnnrronas.
691 230 832 288 corvin.
1030 230 1072 298 53
1193 246 1194 249 ‘

115 397 409 479 quantumcumque
432 395 476 460 sit
499 394 597 478 istud,
620 393 711 479 quodv
728 400 817 478 peto:
841 417 908 460 non
930 395 1074 462 indicare

115 483 194 548 satis
227 483 297 548 est?
334 505 401 549 non
429 481 623 548 desiderium
655 484 823 567 pervenire
855 485 890 548 in
921 484 1074 549 notitiam

113 576 205 636 tuam
224 571 354 656 sufficit,
371 573 436 637 nisi
448 591 559 656 preces
570 570 756 656 adhibuero,
773 572 837 659 nisi
847 572 1074 638 auctoritatem

55 716 58 722 .
113 664 284 742 paternam
308 661 521 726 summisere?
554 660 693 724 multum
715 681 921 746 peccaveras,
944 661 1074 728 etiamsi

112 749 343 833 praestitisses.
1092 761 1109 811 θ

180 835 276 902 Nunc
303 857 379 902 vero
410 835 486 921 quid
510 860 529 902 a
551 841 584 903 te
607 834 788 919 petieram?
819 840 857 901 ut
879 836 958 902 mihi
981 857 1074 923 prae-

114 925 181 990 mio
205 924 342 990 cederes.
364 947 431 991 non
448 924 529 1012 dico,
552 923 629 1012 quid
645 925 747 990 fuerit
764 930 959 991 secuturum.
990 925 1074 992 Sane

114 1013 164 1077 ita
191 1013 234 1077 sit
262 1014 441 1079 constituta
466 1014 531 1098 lex,
563 1018 599 1094 ut
627 1014 663 1077 in
690 1012 809 1079 iudicio
833 1013 1075 1099 contendamus,

115 1105 153 1165 ut
180 1101 263 1167 citra
289 1102 479 1185 periculum·
498 1102 623 1169 feratur
650 1101 689 1167 de
715 1106 830 1168 nostra
856 1103 977 1169 virtute
1006 1125 1075 1167 sen·

113 1189 230 1255 tentia:
257 1211 323 1256 non
353 1194 423 1256 erat
446 1212 586 1275 aequum
609 1190 721 1258 cedere
744 1196 793 1275 te,
820 1194 945 1258 utnon
967 1191 1128 1258 dicamlo

112 1279 212 1363 patri,
240 1279 339 1345 senil
367 1278 430 1344 tibi
459 1279 689 1368 adprobandos
712 1280 844 1345 virtutis
867 1280 972 1345 multa
992 1285 1075 1345 tem-

113 1367 194 1450 pora
217 1371 404 1453 supersunt;
426 1372 463 1433 tu
487 1390 617 1452 sperare
640 1368 681 1454 id,
704 1368 788 1453 quod
814 1368 910 1434 hodie
930 1369 1075 1452 cesseris,

113 1460 222 1538 potes:
245 1456 327 1521 mihi
349 1456 486 1523 indulsit
508 1457 639 1523 fortuna
660 1457 748 1539 hunc
769 1477 954 1541 supremum
974 1457 1075 1522 hono·

114 1565 192 1610 rem.
229 1545 314 1610 inter
333 1548 503 1611 extraneos
526 1567 655 1630 quoque
677 1549 710 1611 et
732 1546 854 1611 alienos
874 1550 924 1611 est
942 1544 1074 1630 aliquod

112 1634 320 1718 privilegium
339 1635 484 1700 aestatis.
521 1635 661 1700 honores
681 1635 771 1719 prior
793 1639 951 1719 peterem:
970 1635 1011 1699 ad
1032 1634 1072 1699 si·
1094 1648 1126 1696 15

114 1723 280 1809 gnandum
308 1722 497 1807 advocatus,
533 1722 626 1808 prior
648 1723 848 1808 (signarem,
880 1723 1076 1788 sententiam

112 1812 226 1897 prior>
241 1831 384 1896 rogarer.
401 1811 438 1875 in
451 1810 503 1877 his
518 1811 619 1878 etiam
633 1811 776 1878 minimis
791 1812 1075 1878 observationibus

113 1901 289 1966 inhumane
312 1920 379 1965 non
402 1899 530 1966 cederes
552 1901 711 1968 honorem
733 1901 856 1967 lateris.

181 1989 254 2075 Age
276 2010 362 2071 vero,
388 2009 456 2055 non
477 1992 605 2072 praeter
626 1990 689 2056 hoc
712 1991 811 2055 etiam
834 1989 963 2078 dignior
984 2009 1076 2072 pra-e·

114 2078 181 2142 mio
204 2077 269 2142 fuit
289 2077 394 2142 virtus
417 2076 511 2142 mea?
533 2099 600 2143 non
622 2082 673 2144 est
690 2082 758 2144 tam
778 2077 979 2161 admirabile,
1002 2097 1074 2141 cum
1094 2091 1128 2140 ao

115 2165 244 2231 fortiter
266 2162 347 2230 facit
368 2165 507 2230 iuvenis:
530 2165 593 2232 hoc
610 2169 699 2232 aetas
717 2166 874 2251 postulat,
895 2165 957 2230 hcc
974 2165 1075 2229 ¹robur

115 2254 265 2319 iuventae
287 2252 406 2338 poscit3
433 2274 536 2338 paene
559 2258 652 2341 turpe
675 2259 739 2338 est,
767 2275 835 2320 non
856 2253 985 2319 fecisse:
1012 2253 1075 2318 hoc

116 2347 166 2408 est
188 2341 312 2408 honore
335 2341 482 2427 dignius,
504 2342 620 2409 vicisse
644 2366 745 2410 annos
769 2346 802 2408 et
822 2344 909 2408 ultra
934 2347 1074 2408 aetatem

114 2431 268 2496 durantes
296 2451 393 2516 agere
420 2430 567 2497 virtutes.
613 2453 651 2497 eo
680 2436 829 2517 tempore
851 2432 982 2498 fortiter
1004 2432 1074 2516 feci,

114 2541 177 2604 quo
201 2520 275 2606 cogi
294 2540 362 2585 non
379 2540 518 2605 possem,
540 2525 578 2586 ut
596 2521 781 2589 militarem
813 2524 923 2586 utrum
942 2520 1074 2586 tandem
1092 2533 1127 2584 aa

115 2609 162 2674 vis
187 2608 296 2692 (non)
319 2629 476 2694 magnum
499 2629 578 2693 esse,
601 2609 686 2694 quod
710 2630 770 2695 ego
793 2609 869 2696 feci3
902 2632 944 2675 an
967 2608 1074 2675 minus

114 2718 184 2762 esse
209 2696 307 2781 (eo),
330 2696 416 2781 quod
439 2699 476 2762 tu
498 2696 626 2764 fecisti?

180 2785 357 2851 Videamus
381 2807 467 2851 nuno
489 2786 583 2870 haec,
606 2786 679 2871 quis
700 2785 800 2852 fuerit
821 2790 989 2851 secuturus
1009 2784 1075 2850 exi-

112 2877 177 2956 tus,
200 2874 228 2938 ei
251 2872 286 2938 in
308 2873 375 2939 ista
397 2874 605 2940 contentione
627 2873 765 2958 praemii
786 2874 872 2940 idem
892 2873 993 2939 animi
1012 2894 1074 2960 ego

113 2982 241 3046 quoque
277 2961 479 3028 habuissem:
514 2964 612 3028 armis
644 2961 903 3029 contendendum
938 2965 1009 3033 erat
1042 2963 1075 3026 et
1093 2977 1127 3026 30
1187 3026 1188 3030 ,

112 3049 295 3117 laetissimo
323 3050 445 3136 alioqui
472 3050 587 3117 domus
614 3055 745 3117 nostrae
766 3055 927 3137 proventu
949 3049 1074 3135 gravis-

185 3229 219 3279 14
238 3223 346 3294 aliquid
363 3230 404 3278 Δι
426 3227 436 3295 ΙΙ
462 3230 494 3280 15
513 3225 705 3295 priopeterent
724 3231 748 3279 Δ
771 3229 780 3297 ΙΙ
805 3232 837 3282 16
856 3224 1032 3298 *<signarem
1051 3241 1073 3281 s.

111 3294 208 3368 prior)
226 3295 236 3364 {l
256 3301 289 3351 18
307 3296 491 3360 inhumanum
510 3313 546 3351 ne
565 3297 623 3353 ced.
642 3300 663 3349 B
682 3299 692 3367 fl
712 3303 744 3352 19
763 3295 905 3366 indignior
922 3300 943 3348 B
958 3296 967 3366 ΙΙ
986 3300 1020 3348 20
1039 3294 1073 3349 in

111 3367 296 3421 iuvenibus
321 3367 488 3422 virtutem
510 3383 577 3422 non
601 3368 685 3422 eatis
705 3384 778 3423 esse
797 3367 1004 3421 laudandam
1023 3370 1046 3418 Δ
1064 3367 1073 3437 ll

112 3436 262 3518 26D<non>
280 3436 324 3494 Ro
338 3439 347 3506 ΙΙ
360 3436 437 3510 <θο>
455 3437 499 3493 Ro
512 3438 522 3506 l
536 3441 570 3492 28
588 3438 672 3492 haec
691 3438 767 3506 quis
786 3437 831 3509 ΔΙΙ
845 3439 982 3506 aequisA,
1001 3438 1073 3491 haec

111 3511 197 3576 qur
638 3561 651 3570 ,
1109 3530 1147 3636 Ι
