2392 3862
104 212 149 279 24
473 208 702 299 cururramur

106 380 249 461 tantum,
282 375 411 459 qualem
434 374 518 439 bano
539 374 662 458 putetis
686 395 757 439 esse
780 374 952 457 feminam,
987 394 1073 461 quaa

106 464 235 531 defendi
256 463 385 529 noluit?
410 484 605 549 quamquam
628 462 777 527 bociam
800 463 890 546 prior
912 463 972 529 illc
998 486 1073 531 eon·

105 553 212 618 fessus
241 556 302 637 est,
336 553 390 637 qui
420 574 493 617 oum
521 550 650 616 fortiter
677 551 820 635 fecisset,
847 572 922 616 cum
945 554 1073 620 recenti

108 641 300 707 maritorum
319 642 426 726 gratia
443 641 612 724 niteretur,
624 640 698 723 plus
712 643 823 704 tamen
837 640 970 724 putavit
983 642 1074 728 apud

71 744 87 796 5
106 730 460 811 vosralarerirtute[m
475 731 521 810 et]
536 728 729 813 religionem
748 732 781 794 et
799 727 896 794 fidem
913 733 1072 817 vestram,

107 819 192 884 sicut
214 841 288 885 vere
311 820 449 904 putavit.
486 817 642 883 hodierno
665 817 768 902 igitur
790 817 907 883 iudicio
932 840 1072 904 appare·

107 907 163 993 bit,
187 930 228 973 an
251 908 300 973 illi
324 906 536 973 abolitionem
558 908 668 989 petere
691 926 823 972 necesse
845 904 955 973 fuerit.
993 905 1071 974 Ncn

106 997 184 1062 estis
209 996 401 1062 exhortandi
424 994 505 1059 mihi
529 994 746 1060 adtuendam
769 994 972 1080 castitatem,
995 996 1072 1063 civi·

105 1086 168 1150 tati
193 1089 267 1149 ante
291 1084 401 1150 omnia
422 1084 648 1149 necessariam.
685 1083 916 1168 matrimoniis,
940 1084 1073 1151 etiamsi

52 1188 86 1238 10
108 1192 169 1258 ego
183 1173 350 1258 tacuerim,
369 1173 461 1238 scitis
476 1171 636 1238 contineri
650 1172 830 1237 civitatemr
852 1172 904 1237 bis
918 1174 1072 1259 populcs,

106 1261 158 1326 bis
182 1261 303 1328 liberos
326 1264 359 1326 et
382 1261 619 1327 successionem
641 1260 913 1344 patrimoniorum
938 1264 973 1326 et
998 1282 1072 1351 gra·

106 1349 183 1415 dum
201 1350 429 1436 hereditatum,
446 1349 500 1415 bis
519 1350 725 1415 securitatem
745 1349 967 1415 domesticam.
993 1372 1073 1437 quc-

105 1439 202 1504 modo
228 1440 313 1503 enim
336 1437 638 1523 peregrinabimur?
662 1437 824 1522 quomodo
847 1437 888 1503 ad
911 1439 1070 1507 colendos

106 1526 306 1592 discedemus
339 1527 457 1614 agros?
503 1548 586 1612 quaa
617 1526 714 1591 nobis
747 1527 903 1592 securitas
934 1526 1072 1595 dabitur

54 1630 87 1681 15
108 1616 359 1699 suscipientibus
382 1616 562 1701 legationes
586 1615 749 1699 publicas,
772 1615 924 1681 euntibus
948 1615 986 1681 in
1010 1618 1071 1683 mi·

105 1703 226 1788 litium,
260 1725 332 1769 cum
361 1703 546 1789 frequenter
574 1703 662 1769 bella
692 1703 780 1768 sint?
824 1703 941 1770 Potest
970 1706 1071 1773 v'obia

105 1792 307 1879 contingere,
338 1796 376 1857 ut
402 1799 435 1858 at
457 1793 636 1877 praemium
659 1793 728 1857 viro
752 1791 831 1857 forti
854 1792 1075 1861 dederitisat

106 1884 219 1947 tamon
243 1881 438 1947 adulterium
460 1880 668 1946 vindicemus.

536 2070 631 2140 dou.

48 2219 83 2268 rc
326 2196 481 2266 sortitio
504 2194 841 2278 ignominiosorum.

105 2325 169 2401 Qur
192 2340 401 2390 rurunlsaun
424 2340 613 2389 umarus
640 2340 784 2407 ruumr,
812 2340 1072 2394 Isuorssulosus

195 2429 256 2477 srr.
302 2427 533 2478 1suomuroso
565 2430 612 2477 uu
645 2429 714 2490 our
748 2429 807 2478 s1r-
831 2429 946 2479 norro.
992 2414 1072 2483 Duo

194 2500 415 2565 adulescentes
443 2500 580 2566 invicem
609 2500 844 2585 <iniuriarum>
873 2522 970 2588 agero
995 2526 1072 2571 coa·

192 2592 320 2673 parunt.
370 2589 478 2654 sortiti
515 2594 604 2675 sunt,
640 2590 745 2655 utrius
783 2590 938 2656 iudicium
973 2593 1072 2677 prius

48 2696 82 2745 25
193 2681 351 2764 ageretur.
396 2678 439 2764 is,
471 2678 526 2763 qui
550 2681 638 2744 sorte
661 2679 795 2763 vicerat,
828 2680 896 2764 agit
919 2683 953 2745 et
974 2680 1071 2748 darn-

190 2767 282 2832 navit
303 2767 504 2834 iniuriarum.
532 2766 686 2832 damnato
710 2788 806 2852 agere
828 2768 952 2833 volenti
973 2790 1071 2854 prac-

191 2855 311 2922 scribit.

498 2960 670 3029 SERMO.

167 3087 348 3155 Patronum
378 3087 561 3154 necessario
593 3086 750 3153 dabimus.
795 3109 872 3152 narn
901 3086 1002 3154 etiam
1030 3092 1071 3157 nt

106 3197 201 3264 agere
224 3176 274 3241 illi
296 3175 407 3261 liceat,
432 3178 481 3241 est
504 3179 615 3242 tamen
638 3174 884 3263 ignominiosus.
957 3262 960 3267 Ι

172 3348 354 3420 buirtute[m
373 3347 415 3430 et]
433 3348 482 3404 rel.
503 3348 546 3404 Ro
570 3351 579 3420 ΙΙ
602 3355 618 3404 9
638 3348 728 3404 omnis
747 3353 770 3403 A
788 3351 798 3420 ΙΙ
815 3349 997 3406 matrimonia
1015 3356 1041 3407 A
1058 3354 1071 3427 ΙΙ

99 3422 188 3478 bona
205 3419 418 3475 matrimonii
435 3423 458 3473 A
481 3421 490 3502 [Ι
514 3425 547 3475 lt
565 3419 670 3475 militia
687 3423 711 3472 A
732 3422 743 3492 ΙΙ
765 3426 799 3476 21
819 3420 949 3476 iniuriam
968 3425 992 3474 A
1006 3424 1018 3494 fl
1031 3429 1070 3480 23

1 3495 4 3517 '
99 3488 308 3568 (iniuriarum)
326 3489 370 3545 Rc
384 3492 393 3562 ΙΙ
407 3495 441 3545 25
459 3491 504 3546 bis
522 3495 546 3545 A
