2392 3862
354 217 674 275 recorrectionis,
693 217 834 277 CCCXIV.
1015 217 1081 285 235

117 385 237 451 falsum
266 405 336 448 esse
367 383 407 447 ad
436 386 513 447 vota
540 380 738 465 pertinebat,
772 382 934 449 diversam
965 381 1081 448 habuit

117 472 340 559 pronuntiatio
367 472 441 537 vim.
486 469 649 534 obiectum
681 473 731 535 eet
761 471 856 557 alicui
882 472 1081 555 mortalium,

118 561 205 648 quod
226 565 354 647 petrem
377 558 562 642 occidisset3
593 556 679 644 quod
703 579 785 642 eum,
815 559 867 624 cui
887 560 1005 644 lucem,
1030 561 1081 625 oui

117 651 198 717 haec
229 650 385 716 beneficia
419 668 528 713 rerum
560 650 695 713 natrrae
719 647 871 732 debebat,
903 670 962 714 sua
984 671 1081 715 manu

117 738 325 806 trucidasset:
351 741 384 803 et
406 736 468 802 hoe
486 758 563 820 pars
581 735 724 801 iudicum
742 735 900 802 credidit?
924 757 984 822 ego
1003 759 1080 804 vero
1100 752 1116 802 o

117 829 194 895 illos
223 833 256 893 et
283 827 389 912 probo
413 829 446 892 et
464 825 579 907 miror,
605 825 660 910 qui
683 825 905 891 absolverunt:
933 847 1011 910 pars
1033 830 1081 892 ta·

117 938 195 982 men
218 916 361 982 iudicum
383 913 615 999 pronuntiavit,
637 912 762 979 factum
783 934 854 979 esse
872 914 1082 999 parricidium

110 1009 213 1089 [pers
232 1003 420 1070 incredibile
435 1004 530 1084 esset
552 1002 614 1068 hos
633 1002 745 1087 movit,
769 1002 856 1088 quod
873 1003 1008 1088 probari
1026 1023 1081 1087 po·

115 1098 217 1178 terat,
244 1094 334 1178 illos,
363 1091 448 1176 quod
475 1091 599 1176 negari.
645 1111 720 1156 reus
748 1112 827 1177 ergo
858 1096 1026 1177 suspectus
1049 1095 1113 1157 et·

88 1189 94 1194 ’
115 1184 151 1247 in
175 1204 247 1248 eam
269 1185 395 1267 partem
419 1181 528 1265 potius
553 1178 771 1264 accipiendus,
793 1185 831 1246 ut
853 1179 976 1246 feeerit.
1101 1196 1136 1246 ιο

184 1270 269 1349 Quid
292 1270 462 1356 superest?
485 1289 566 1353 „per
589 1267 785 1334 dementium
808 1270 974 1335 confessus
999 1267 1080 1334 est“.

116 1360 255 1425 etmihi
277 1381 337 1443 pro
360 1378 458 1424 causa
480 1379 554 1422 mea
577 1379 739 1424 summum
760 1356 887 1424 videtur
910 1379 1082 1444 argumen-

114 1453 188 1513 tum
214 1449 288 1531 ipsa
314 1446 491 1528 dementia,
519 1445 618 1511 etiam
647 1447 675 1511 si
702 1445 872 1512 confessus
898 1468 965 1514 non
987 1451 1082 1513 esset.

114 1559 185 1602 non
208 1537 276 1601 sine
300 1556 398 1601 causa
420 1534 571 1601 videlicet
592 1539 687 1600 vetus
709 1535 769 1600 illa
788 1540 820 1600 et
839 1537 972 1623 antique
991 1540 1081 1602 aetas

114 1625 252 1690 tradidit
275 1645 344 1709 eos,
368 1625 423 1709 qui
445 1624 577 1709 aliquod
600 1624 821 1690 commiserint
844 1624 1133 1708 scelus,furiis15

115 1714 234 1799 agitari
257 1718 290 1778 et
311 1735 370 1798 per
388 1716 497 1778 totum
516 1712 628 1778 orbem
648 1713 712 1797 agi.
734 1716 773 1778 ut
789 1715 925 1779 nomina
943 1710 1081 1779 mentita

116 1805 196 1887 sint,
229 1805 267 1868 ut
294 1800 417 1887 aliquid
444 1800 574 1868 fabulae
596 1802 738 1886 fingant:
770 1802 812 1887 ab
837 1802 947 1887 aliquo
971 1806 1081 1866 tamen
1172 1825 1173 1828 ¹

116 1891 263 1976 exemplo
292 1892 357 1956 ista
385 1890 462 1974 <et>
490 1890 712 1975 experimento
741 1895 908 1958 venerunt.
957 1890 1082 1955 factum

115 2002 187 2047 esse
210 1980 332 2065 aliquid
355 2001 487 2045 necesse
510 1983 568 2064 est,
591 1982 628 2044 ut
650 1979 713 2045 hoo
736 1979 888 2045 credibile
909 1978 1082 2061 videretur,

115 2071 185 2135 sive
207 2069 296 2134 istud
315 2068 359 2133 dii
376 2069 581 2152 inmortales,
599 2068 656 2153 qui
674 2088 742 2132 non
758 2067 886 2133 iudiciis
904 2067 990 2152 fulli,
1013 2088 1081 2132 non
1101 2082 1135 2132 ro

115 2157 225 2243 gretia
247 2157 483 2242 circumveniri,
504 2177 571 2221 non
593 2156 781 2242 ignorantia
803 2157 910 2241 decipi
933 2159 1081 2242 possunt,

115 2246 364 2312 constituerunt
409 2266 471 2331 ego
498 2266 576 2311 vero
603 2245 751 2332 gratulor
780 2245 981 2311 mortalitati.
1028 2265 1080 2309 co·

114 2336 183 2414 lite,
206 2334 365 2418 homines,
388 2334 612 2401 innocentiam
634 2337 668 2400 et
689 2334 815 2399 nullum
839 2356 930 2419 spem
952 2332 1080 2418 inpuniss

115 2424 196 2488 tatis
225 2445 265 2489 ex
293 2428 416 2489 secreto
444 2423 603 2489 scelerum
630 2423 854 2508 conceperitis.
898 2422 976 2488 licet
998 2422 1081 2489 nulli

115 2511 284 2578 hominum
307 2513 533 2596 prospexerint
555 2511 650 2596 oculi,
675 2512 753 2578 licet
775 2511 867 2577 nullu
890 2512 1080 2598 cuiusquam
1099 2526 1134 2576 25

116 2601 304 2667 mortalium
323 2602 522 2668 conscientie
539 2601 764 2668 intervenerit:
784 2601 843 2667 sub
864 2600 955 2667 caelo
970 2604 1082 2666 tamen

114 2689 253 2774 fecistis,
291 2693 323 2755 et
358 2690 415 2755 ille
447 2690 538 2760 fusus
569 2712 629 2774 per
661 2711 773 2756 omnes
805 2711 913 2756 rerum
944 2695 1081 2756 naturae

114 2779 219 2864 partis
239 2779 372 2864 spiritus
392 2778 507 2845 adfuit:
527 2783 605 2862 erat,
620 2783 691 2844 erat
708 2778 777 2844 illic
794 2778 960 2863 potentior
976 2778 1080 2844 testis.

114 2889 181 2933 non
203 2868 334 2952 quidem
358 2867 442 2952 apud
460 2867 598 2933 iudicem
617 2868 702 2933 dicet
718 2889 778 2933 nec
798 2872 964 2934 oratorum
982 2868 1080 2941 inter·

188 3049 204 3096 2
223 3040 480 3112 pronuntiationem
500 3044 563 3110 AB,
583 3056 650 3096 corr.
671 3039 715 3097 Ro
737 3041 747 3112 ΙΙ
770 3047 785 3096 5
805 3040 1008 3097 iudiciumne
1032 3042 1041 3109 l
1065 3046 1080 3094 6

115 3113 184 3182 quia
201 3115 276 3183 1117
295 3111 430 3168 iudicium
449 3116 535 3165 AaBa
552 3114 646 3181 117-8
665 3111 847 3182 parricidium
865 3130 893 3181 p.
912 3111 931 3166 i.
951 3126 1010 3166 esse
1030 3126 1080 3164 om.

115 3188 170 3251 Aa3
189 3183 288 3254 *[pcrs
302 3182 467 3238 incredibile
486 3184 632 3254 esse]1110
671 3182 745 3239 otius
764 3199 814 3240 om.
824 3188 847 3236 Δ
859 3185 870 3252 ΙΙ
886 3187 916 3236 11
933 3197 1080 3236 concessus

114 3257 179 3325 ΑαΙΙ
199 3259 232 3310 lt
251 3254 452 3311 commiserunt
470 3258 532 3322 AB,
552 3270 621 3310 corr.
701 3257 710 3325 ΙΙ
730 3260 763 3310 16
782 3271 805 3329 p
826 3255 950 3321 Ausuut
968 3254 1032 3322 Aafl
1048 3255 1081 3305 le

111 3326 168 3381 ista
187 3325 379 3396 experimenta
397 3330 459 3395 AB,
488 3341 556 3381 corr.
574 3323 628 3380 acc
648 3325 657 3394 l
679 3324 699 3380 f.
719 3326 762 3380 eet
785 3325 821 3378 al.
845 3328 894 3377 AB
918 3326 928 3393 11
952 3327 987 3377 24
1005 3329 1032 3417 χ
1050 3323 1082 3378 ta
1110 3325 1114 3332 “

114 3433 240 3502 marpiac
258 3436 281 3485 Δ
298 3433 308 3501 l
326 3436 361 3487 25
379 3431 572 3502 perspexerint
589 3435 610 3483 B
628 3433 638 3500 l
657 3436 690 3487 26
708 3428 880 3486 interveniat
898 3434 919 3482 B
937 3431 947 3500 ιΙ
965 3435 1000 3485 28
1019 3430 1080 3486 erut

115 3503 176 3559 illic
195 3507 219 3556 Δ
231 3505 241 3574 ΙΙ
255 3509 289 3558 29
308 3519 365 3557 non
382 3503 496 3572 quidem
515 3501 586 3558 ictor
604 3501 712 3559 artibus
730 3505 753 3554 Δ
