<?xml version="1.0" encoding="UTF-8"?>
<!DOCTYPE html PUBLIC "-//W3C//DTD XHTML 1.0 Transitional//EN"
    "http://www.w3.org/TR/xhtml1/DTD/xhtml1-transitional.dtd">
<html xmlns="http://www.w3.org/1999/xhtml" xml:lang="en" lang="en">
 <head>
  <title>
</title>
<meta http-equiv="Content-Type" content="text/html;charset=utf-8" />
  <meta name='ocr-system' content='tesseract 3.04.00' />
  <meta name='ocr-capabilities' content='ocr_page ocr_carea ocr_par ocr_line ocrx_word'/>
</head>
<body>
  <div class='ocr_page' id='page_1' title='image "./mfabiiquintilia00rittgoog_0418.png"; bbox 0 0 2392 3862; ppageno 0'>
   <div class='ocr_carea' id='block_1_1' title="bbox 345 231 1043 300">
    <p class='ocr_par' dir='ltr' id='par_1_1' title="bbox 345 231 1043 300">
     <span class='ocr_line' id='line_1_1' title="bbox 345 231 1043 300; baseline 0.017 -12"><span class='ocrx_word' id='word_1_1' title='bbox 345 231 665 289; x_wconf 76' lang='lat' dir='ltr'><strong>ononnnnrlonns</strong></span> <span class='ocrx_word' id='word_1_2' title='bbox 685 233 780 291; x_wconf 68' lang='lat' dir='ltr'>CCCI«.</span> <span class='ocrx_word' id='word_1_3' title='bbox 980 235 1043 300; x_wconf 66' lang='lat'><strong>379</strong></span> 
     </span>
    </p>
   </div>
   <div class='ocr_carea' id='block_1_2' title="bbox 81 395 1098 2550">
    <p class='ocr_par' dir='ltr' id='par_1_2' title="bbox 81 395 1079 921">
     <span class='ocr_line' id='line_1_2' title="bbox 83 395 1043 482; baseline -0.003 -17"><span class='ocrx_word' id='word_1_4' title='bbox 83 423 161 465; x_wconf 92' lang='lat' dir='ltr'><strong>num</strong></span> <span class='ocrx_word' id='word_1_5' title='bbox 184 421 262 482; x_wconf 89' lang='lat' dir='ltr'><strong>esse,</strong></span> <span class='ocrx_word' id='word_1_6' title='bbox 285 399 322 461; x_wconf 91' lang='lat' dir='ltr'><strong>ut</strong></span> <span class='ocrx_word' id='word_1_7' title='bbox 344 395 545 482; x_wconf 89' lang='lat' dir='ltr'><strong>praedictum</strong></span> <span class='ocrx_word' id='word_1_8' title='bbox 569 397 620 461; x_wconf 91' lang='lat' dir='ltr'><strong>sit.</strong></span> <span class='ocrx_word' id='word_1_9' title='bbox 653 397 689 461; x_wconf 92' lang='lat' dir='ltr'><strong>in</strong></span> <span class='ocrx_word' id='word_1_10' title='bbox 712 419 847 482; x_wconf 88' lang='lat' dir='ltr'><strong>summa,</strong></span> <span class='ocrx_word' id='word_1_11' title='bbox 871 398 1043 482; x_wconf 93' lang='lat' dir='ltr'><strong>quidplus</strong></span> 
     </span>
     <span class='ocr_line' id='line_1_3' title="bbox 84 483 1045 574; baseline -0.003 -21"><span class='ocrx_word' id='word_1_12' title='bbox 84 489 154 574; x_wconf 86' lang='lat' dir='ltr'><strong>pati</strong></span> <span class='ocrx_word' id='word_1_13' title='bbox 176 488 327 571; x_wconf 85' lang='lat' dir='ltr'><strong>potuerat</strong></span> <span class='ocrx_word' id='word_1_14' title='bbox 342 483 539 568; x_wconf 90' lang='lat' dir='ltr'><strong>adulescens,</strong></span> <span class='ocrx_word' id='word_1_15' title='bbox 553 485 581 549; x_wconf 92' lang='lat' dir='ltr'><strong>si</strong></span> <span class='ocrx_word' id='word_1_16' title='bbox 595 506 753 550; x_wconf 87' lang='lat' dir='ltr'><strong>venenum</strong></span> <span class='ocrx_word' id='word_1_17' title='bbox 765 486 923 552; x_wconf 77' lang='lat' dir='ltr'><strong>bibisset?</strong></span> <span class='ocrx_word' id='word_1_18' title='bbox 946 509 1045 571; x_wconf 85' lang='lat' dir='ltr'><strong>pona-</strong></span> 
     </span>
     <span class='ocr_line' id='line_1_4' title="bbox 86 572 1044 658; baseline -0.002 -16"><span class='ocrx_word' id='word_1_19' title='bbox 86 599 157 642; x_wconf 86' lang='lat' dir='ltr'><strong>mus</strong></span> <span class='ocrx_word' id='word_1_20' title='bbox 176 597 215 640; x_wconf 86' lang='lat' dir='ltr'><strong>ex</strong></span> <span class='ocrx_word' id='word_1_21' title='bbox 235 576 337 640; x_wconf 85' lang='lat' dir='ltr'><strong>altera</strong></span> <span class='ocrx_word' id='word_1_22' title='bbox 355 575 447 658; x_wconf 85' lang='lat' dir='ltr'><strong>parte</strong></span> <span class='ocrx_word' id='word_1_23' title='bbox 466 572 559 637; x_wconf 89' lang='lat' dir='ltr'><strong>illam</strong></span> <span class='ocrx_word' id='word_1_24' title='bbox 577 573 753 657; x_wconf 90' lang='lat' dir='ltr'><strong>potionem,</strong></span> <span class='ocrx_word' id='word_1_25' title='bbox 772 574 862 640; x_wconf 91' lang='lat' dir='ltr'><strong>cuius</strong></span> <span class='ocrx_word' id='word_1_26' title='bbox 876 579 913 640; x_wconf 91' lang='lat' dir='ltr'><strong>tu</strong></span> <span class='ocrx_word' id='word_1_27' title='bbox 926 597 1044 639; x_wconf 93' lang='lat' dir='ltr'><strong>nomen</strong></span> 
     </span>
     <span class='ocr_line' id='line_1_5' title="bbox 81 662 1043 748; baseline -0.002 -18"><span class='ocrx_word' id='word_1_28' title='bbox 81 665 219 730; x_wconf 82' lang='lat' dir='ltr'>subinde</span> <span class='ocrx_word' id='word_1_29' title='bbox 243 664 359 748; x_wconf 84' lang='lat' dir='ltr'><strong>iectas;</strong></span> <span class='ocrx_word' id='word_1_30' title='bbox 387 683 472 746; x_wconf 91' lang='lat' dir='ltr'><strong>pone</strong></span> <span class='ocrx_word' id='word_1_31' title='bbox 496 680 534 725; x_wconf 86' lang='lat' dir='ltr'><strong>ex</strong></span> <span class='ocrx_word' id='word_1_32' title='bbox 557 662 660 726; x_wconf 89' lang='lat' dir='ltr'><strong>altera</strong></span> <span class='ocrx_word' id='word_1_33' title='bbox 682 663 862 747; x_wconf 87' lang='lat' dir='ltr'><strong>potionem,</strong></span> <span class='ocrx_word' id='word_1_34' title='bbox 886 686 984 748; x_wconf 89' lang='lat' dir='ltr'><strong>quam</strong></span> <span class='ocrx_word' id='word_1_35' title='bbox 1006 668 1043 728; x_wconf 90' lang='lat' dir='ltr'><strong>tu</strong></span> 
     </span>
     <span class='ocr_line' id='line_1_6' title="bbox 83 749 1079 835; baseline -0.003 -17"><span class='ocrx_word' id='word_1_36' title='bbox 83 753 212 818; x_wconf 88' lang='lat' dir='ltr'><strong>dedisti:</strong></span> <span class='ocrx_word' id='word_1_37' title='bbox 246 751 284 815; x_wconf 94' lang='lat' dir='ltr'><strong>de</strong></span> <span class='ocrx_word' id='word_1_38' title='bbox 315 753 454 835; x_wconf 87' lang='lat' dir='ltr'><strong>utraque</strong></span> <span class='ocrx_word' id='word_1_39' title='bbox 481 749 567 815; x_wconf 91' lang='lat' dir='ltr'><strong>idem</strong></span> <span class='ocrx_word' id='word_1_40' title='bbox 596 750 711 815; x_wconf 92' lang='lat' dir='ltr'><strong>medici</strong></span> <span class='ocrx_word' id='word_1_41' title='bbox 739 751 855 816; x_wconf 90' lang='lat' dir='ltr'><strong>dicent.</strong></span> <span class='ocrx_word' id='word_1_42' title='bbox 902 752 929 816; x_wconf 91' lang='lat' dir='ltr'><strong>si</strong></span> <span class='ocrx_word' id='word_1_43' title='bbox 960 752 1079 816; x_wconf 78' lang='lat' dir='ltr'><strong>nihils</strong></span> 
     </span>
     <span class='ocr_line' id='line_1_7' title="bbox 86 839 832 921; baseline -0.003 -15"><span class='ocrx_word' id='word_1_44' title='bbox 86 843 223 907; x_wconf 90' lang='lat' dir='ltr'><strong>interest</strong></span> <span class='ocrx_word' id='word_1_45' title='bbox 246 840 370 921; x_wconf 91' lang='lat' dir='ltr'><strong>mortis,</strong></span> <span class='ocrx_word' id='word_1_46' title='bbox 393 839 476 904; x_wconf 91' lang='lat' dir='ltr'><strong>nihil</strong></span> <span class='ocrx_word' id='word_1_47' title='bbox 500 839 637 904; x_wconf 87' lang='lat' dir='ltr'><strong>interest</strong></span> <span class='ocrx_word' id='word_1_48' title='bbox 659 839 832 907; x_wconf 91' lang='lat' dir='ltr'><strong>criminis.-</strong></span> 
     </span>
    </p>

    <p class='ocr_par' dir='ltr' id='par_1_3' title="bbox 82 927 1098 2550">
     <span class='ocr_line' id='line_1_8' title="bbox 149 927 1044 1014; baseline -0.002 -20"><span class='ocrx_word' id='word_1_49' title='bbox 149 929 240 994; x_wconf 86' lang='lat' dir='ltr'><strong>Haec</strong></span> <span class='ocrx_word' id='word_1_50' title='bbox 267 929 307 992; x_wconf 87' lang='lat' dir='ltr'><strong>ad</strong></span> <span class='ocrx_word' id='word_1_51' title='bbox 335 928 400 992; x_wconf 89' lang='lat' dir='ltr'><strong>ius:</strong></span> <span class='ocrx_word' id='word_1_52' title='bbox 432 927 488 993; x_wconf 89' lang='lat' dir='ltr'><strong>sed</strong></span> <span class='ocrx_word' id='word_1_53' title='bbox 512 928 553 992; x_wconf 86' lang='lat' dir='ltr'><strong>ad</strong></span> <span class='ocrx_word' id='word_1_54' title='bbox 575 950 664 992; x_wconf 85' lang='lat' dir='ltr'><strong>reem</strong></span> <span class='ocrx_word' id='word_1_55' title='bbox 687 928 754 1014; x_wconf 79' lang='lat' dir='ltr'><strong>legi</strong></span> <span class='ocrx_word' id='word_1_56' title='bbox 778 950 855 994; x_wconf 89' lang='lat' dir='ltr'><strong>suae</strong></span> <span class='ocrx_word' id='word_1_57' title='bbox 878 928 1044 1012; x_wconf 85' lang='lat' dir='ltr'><strong>adplican-</strong></span> 
     </span>
     <span class='ocr_line' id='line_1_9' title="bbox 82 1017 1044 1101; baseline -0.001 -19"><span class='ocrx_word' id='word_1_58' title='bbox 82 1019 158 1082; x_wconf 87' lang='lat' dir='ltr'><strong>dem</strong></span> <span class='ocrx_word' id='word_1_59' title='bbox 196 1040 274 1082; x_wconf 85' lang='lat' dir='ltr'><strong>sane</strong></span> <span class='ocrx_word' id='word_1_60' title='bbox 303 1020 484 1081; x_wconf 75' lang='lat' dir='ltr'><strong>scrutemur</strong></span> <span class='ocrx_word' id='word_1_61' title='bbox 506 1020 539 1080; x_wconf 94' lang='lat' dir='ltr'><strong>et</strong></span> <span class='ocrx_word' id='word_1_62' title='bbox 563 1017 717 1082; x_wconf 88' lang='lat' dir='ltr'><strong>animum.</strong></span> <span class='ocrx_word' id='word_1_63' title='bbox 755 1039 822 1082; x_wconf 93' lang='lat' dir='ltr'><strong>non</strong></span> <span class='ocrx_word' id='word_1_64' title='bbox 846 1017 933 1096; x_wconf 88' lang='lat' dir='ltr'><strong>dico,</strong></span> <span class='ocrx_word' id='word_1_65' title='bbox 962 1039 1044 1101; x_wconf 89' lang='lat' dir='ltr'><strong>quae</strong></span> 
     </span>
     <span class='ocr_line' id='line_1_10' title="bbox 84 1105 1045 1192; baseline -0.002 -21"><span class='ocrx_word' id='word_1_66' title='bbox 84 1108 139 1187; x_wconf 86' lang='lat' dir='ltr'><strong>sit,</strong></span> <span class='ocrx_word' id='word_1_67' title='bbox 173 1129 254 1192; x_wconf 85' lang='lat' dir='ltr'><strong>quae</strong></span> <span class='ocrx_word' id='word_1_68' title='bbox 282 1105 421 1170; x_wconf 80' lang='lat' dir='ltr'>dederit:</span> <span class='ocrx_word' id='word_1_69' title='bbox 453 1106 585 1169; x_wconf 91' lang='lat' dir='ltr'><strong>interim</strong></span> <span class='ocrx_word' id='word_1_70' title='bbox 614 1105 675 1169; x_wconf 93' lang='lat' dir='ltr'><strong>hoc</strong></span> <span class='ocrx_word' id='word_1_71' title='bbox 697 1106 893 1189; x_wconf 82' lang='lat' dir='ltr'><strong>respondeo,</strong></span> <span class='ocrx_word' id='word_1_72' title='bbox 926 1128 1045 1189; x_wconf 82' lang='lat' dir='ltr'><strong>aquarn</strong></span> 
     </span>
     <span class='ocr_line' id='line_1_11' title="bbox 83 1192 1098 1280; baseline -0.003 -22"><span class='ocrx_word' id='word_1_73' title='bbox 83 1195 238 1280; x_wconf 81' lang='lat' dir='ltr'><strong>frigidam</strong></span> <span class='ocrx_word' id='word_1_74' title='bbox 271 1194 367 1258; x_wconf 88' lang='lat' dir='ltr'><strong>dedit.</strong></span> <span class='ocrx_word' id='word_1_75' title='bbox 418 1215 497 1258; x_wconf 88' lang='lat' dir='ltr'><strong>sane</strong></span> <span class='ocrx_word' id='word_1_76' title='bbox 527 1192 643 1258; x_wconf 88' lang='lat' dir='ltr'><strong>medici</strong></span> <span class='ocrx_word' id='word_1_77' title='bbox 675 1216 742 1258; x_wconf 94' lang='lat' dir='ltr'><strong>non</strong></span> <span class='ocrx_word' id='word_1_78' title='bbox 769 1195 946 1277; x_wconf 74' lang='lat' dir='ltr'><strong>vetuerint,</strong></span> <span class='ocrx_word' id='word_1_79' title='bbox 979 1208 1098 1259; x_wconf 76' lang='lat' dir='ltr'><strong>nonio</strong></span> 
     </span>
     <span class='ocr_line' id='line_1_12' title="bbox 83 1282 1044 1367; baseline 0.001 -21"><span class='ocrx_word' id='word_1_80' title='bbox 83 1284 265 1349; x_wconf 88' lang='lat' dir='ltr'><strong>timuerint:</strong></span> <span class='ocrx_word' id='word_1_81' title='bbox 299 1282 378 1347; x_wconf 87' lang='lat' dir='ltr'><strong>satis</strong></span> <span class='ocrx_word' id='word_1_82' title='bbox 409 1285 471 1364; x_wconf 90' lang='lat' dir='ltr'><strong>est,</strong></span> <span class='ocrx_word' id='word_1_83' title='bbox 507 1304 574 1347; x_wconf 93' lang='lat' dir='ltr'><strong>non</strong></span> <span class='ocrx_word' id='word_1_84' title='bbox 599 1282 826 1365; x_wconf 86' lang='lat' dir='ltr'><strong>permiserunt.</strong></span> <span class='ocrx_word' id='word_1_85' title='bbox 871 1305 1044 1367; x_wconf 86' lang='lat' dir='ltr'><strong>personam</strong></span> 
     </span>
     <span class='ocr_line' id='line_1_13' title="bbox 83 1370 1046 1458; baseline 0.001 -22"><span class='ocrx_word' id='word_1_86' title='bbox 83 1394 150 1436; x_wconf 91' lang='lat' dir='ltr'><strong>non</strong></span> <span class='ocrx_word' id='word_1_87' title='bbox 169 1393 278 1453; x_wconf 90' lang='lat' dir='ltr'><strong>onero,</strong></span> <span class='ocrx_word' id='word_1_88' title='bbox 297 1370 576 1435; x_wconf 82' lang='lat' dir='ltr'><strong>denuntiationem</strong></span> <span class='ocrx_word' id='word_1_89' title='bbox 594 1370 777 1435; x_wconf 89' lang='lat' dir='ltr'><strong>dissimulo:</strong></span> <span class='ocrx_word' id='word_1_90' title='bbox 798 1371 917 1436; x_wconf 89' lang='lat' dir='ltr'><strong>dedisti</strong></span> <span class='ocrx_word' id='word_1_91' title='bbox 937 1393 1046 1458; x_wconf 82' lang='lat' dir='ltr'><strong>aegro,</strong></span> 
     </span>
     <span class='ocr_line' id='line_1_14' title="bbox 85 1457 1045 1544; baseline 0.001 -21"><span class='ocrx_word' id='word_1_92' title='bbox 85 1459 170 1543; x_wconf 90' lang='lat' dir='ltr'><strong>quod</strong></span> <span class='ocrx_word' id='word_1_93' title='bbox 198 1462 292 1542; x_wconf 87' lang='lat' dir='ltr'><strong>pater</strong></span> <span class='ocrx_word' id='word_1_94' title='bbox 319 1480 386 1523; x_wconf 94' lang='lat' dir='ltr'><strong>non</strong></span> <span class='ocrx_word' id='word_1_95' title='bbox 414 1457 564 1523; x_wconf 88' lang='lat' dir='ltr'><strong>dedisset.</strong></span> <span class='ocrx_word' id='word_1_96' title='bbox 610 1461 638 1522; x_wconf 90' lang='lat' dir='ltr'><strong>si</strong></span> <span class='ocrx_word' id='word_1_97' title='bbox 668 1481 750 1523; x_wconf 90' lang='lat' dir='ltr'><strong>unus</strong></span> <span class='ocrx_word' id='word_1_98' title='bbox 774 1460 892 1544; x_wconf 86' lang='lat' dir='ltr'><strong>aliquis</strong></span> <span class='ocrx_word' id='word_1_99' title='bbox 917 1482 956 1524; x_wconf 88' lang='lat' dir='ltr'><strong>ex</strong></span> <span class='ocrx_word' id='word_1_100' title='bbox 980 1483 1045 1524; x_wconf 94' lang='lat' dir='ltr'><strong>me-</strong></span> 
     </span>
     <span class='ocr_line' id='line_1_15' title="bbox 85 1547 1045 1633; baseline 0.002 -22"><span class='ocrx_word' id='word_1_101' title='bbox 85 1549 164 1612; x_wconf 92' lang='lat' dir='ltr'><strong>dicis</strong></span> <span class='ocrx_word' id='word_1_102' title='bbox 201 1547 384 1612; x_wconf 86' lang='lat' dir='ltr'><strong>nocituram</strong></span> <span class='ocrx_word' id='word_1_103' title='bbox 426 1550 553 1612; x_wconf 89' lang='lat' dir='ltr'><strong>tantum</strong></span> <span class='ocrx_word' id='word_1_104' title='bbox 587 1547 755 1632; x_wconf 90' lang='lat' dir='ltr'><strong>potionem</strong></span> <span class='ocrx_word' id='word_1_105' title='bbox 792 1570 863 1613; x_wconf 91' lang='lat' dir='ltr'><strong>esse</strong></span> <span class='ocrx_word' id='word_1_106' title='bbox 900 1549 1045 1633; x_wconf 88' lang='lat' dir='ltr'><strong>dixisset,</strong></span> 
     </span>
     <span class='ocr_line' id='line_1_16' title="bbox 87 1635 1098 1722; baseline 0 -23"><span class='ocrx_word' id='word_1_107' title='bbox 87 1637 226 1701; x_wconf 84' lang='lat' dir='ltr'><strong>dicerem</strong></span> <span class='ocrx_word' id='word_1_108' title='bbox 248 1638 371 1700; x_wconf 84' lang='lat' dir='ltr'><strong>tamen:</strong></span> <span class='ocrx_word' id='word_1_109' title='bbox 397 1635 535 1701; x_wconf 86' lang='lat' dir='ltr'><strong>fortasse</strong></span> <span class='ocrx_word' id='word_1_110' title='bbox 559 1636 752 1702; x_wconf 90' lang='lat' dir='ltr'><strong>moriturum</strong></span> <span class='ocrx_word' id='word_1_111' title='bbox 775 1659 841 1702; x_wconf 94' lang='lat' dir='ltr'><strong>non</strong></span> <span class='ocrx_word' id='word_1_112' title='bbox 865 1639 1045 1722; x_wconf 86' lang='lat' dir='ltr'><strong>putaveris:</strong></span> <span class='ocrx_word' id='word_1_113' title='bbox 1066 1652 1098 1700; x_wconf 80' lang='lat'><strong>15</strong></span> 
     </span>
     <span class='ocr_line' id='line_1_17' title="bbox 83 1725 1044 1792; baseline 0.002 -2"><span class='ocrx_word' id='word_1_114' title='bbox 83 1747 201 1790; x_wconf 90' lang='lat' dir='ltr'><strong>nocere</strong></span> <span class='ocrx_word' id='word_1_115' title='bbox 232 1725 373 1790; x_wconf 75' lang='lat' dir='ltr'><strong>voluisti.</strong></span> <span class='ocrx_word' id='word_1_116' title='bbox 422 1746 507 1790; x_wconf 82' lang='lat' dir='ltr'><strong>nunc</strong></span> <span class='ocrx_word' id='word_1_117' title='bbox 537 1725 623 1790; x_wconf 90' lang='lat' dir='ltr'><strong>inter</strong></span> <span class='ocrx_word' id='word_1_118' title='bbox 659 1747 770 1790; x_wconf 90' lang='lat' dir='ltr'><strong>omnes</strong></span> <span class='ocrx_word' id='word_1_119' title='bbox 803 1726 944 1792; x_wconf 91' lang='lat' dir='ltr'><strong>medicos</strong></span> <span class='ocrx_word' id='word_1_120' title='bbox 973 1748 1044 1792; x_wconf 93' lang='lat' dir='ltr'><strong>con·</strong></span> 
     </span>
     <span class='ocr_line' id='line_1_18' title="bbox 86 1813 1046 1898; baseline 0.001 -21"><span class='ocrx_word' id='word_1_121' title='bbox 86 1814 185 1897; x_wconf 87' lang='lat' dir='ltr'><strong>stitit,</strong></span> <span class='ocrx_word' id='word_1_122' title='bbox 208 1814 389 1898; x_wconf 87' lang='lat' dir='ltr'><strong>periturum</strong></span> <span class='ocrx_word' id='word_1_123' title='bbox 414 1835 497 1895; x_wconf 90' lang='lat' dir='ltr'><strong>esse,</strong></span> <span class='ocrx_word' id='word_1_124' title='bbox 525 1815 553 1877; x_wconf 89' lang='lat' dir='ltr'><strong>si</strong></span> <span class='ocrx_word' id='word_1_125' title='bbox 577 1835 694 1898; x_wconf 84' lang='lat' dir='ltr'><strong>aquam</strong></span> <span class='ocrx_word' id='word_1_126' title='bbox 718 1813 878 1897; x_wconf 83' lang='lat' dir='ltr'><strong>frigidam·</strong></span> <span class='ocrx_word' id='word_1_127' title='bbox 894 1814 1046 1880; x_wconf 90' lang='lat' dir='ltr'><strong>bibisset:</strong></span> 
     </span>
     <span class='ocr_line' id='line_1_19' title="bbox 84 1901 1046 1987; baseline 0.001 -22"><span class='ocrx_word' id='word_1_128' title='bbox 84 1902 210 1986; x_wconf 88' lang='lat' dir='ltr'><strong>dedisti,</strong></span> <span class='ocrx_word' id='word_1_129' title='bbox 233 1905 407 1987; x_wconf 87' lang='lat' dir='ltr'><strong>postquam</strong></span> <span class='ocrx_word' id='word_1_130' title='bbox 431 1905 556 1966; x_wconf 88' lang='lat' dir='ltr'><strong>certum</strong></span> <span class='ocrx_word' id='word_1_131' title='bbox 580 1905 658 1966; x_wconf 89' lang='lat' dir='ltr'><strong>erat.</strong></span> <span class='ocrx_word' id='word_1_132' title='bbox 691 1901 791 1966; x_wconf 76' lang='lat' dir='ltr'><strong>velim</strong></span> <span class='ocrx_word' id='word_1_133' title='bbox 814 1903 904 1984; x_wconf 91' lang='lat' dir='ltr'><strong>scire,</strong></span> <span class='ocrx_word' id='word_1_134' title='bbox 928 1925 969 1966; x_wconf 86' lang='lat' dir='ltr'><strong>an</strong></span> <span class='ocrx_word' id='word_1_135' title='bbox 989 1903 1046 1966; x_wconf 91' lang='lat' dir='ltr'><strong>ali·</strong></span> 
     </span>
     <span class='ocr_line' id='line_1_20' title="bbox 85 1989 1045 2074; baseline 0.001 -20"><span class='ocrx_word' id='word_1_136' title='bbox 85 1991 161 2074; x_wconf 91' lang='lat' dir='ltr'><strong>quid</strong></span> <span class='ocrx_word' id='word_1_137' title='bbox 189 1991 256 2054; x_wconf 88' lang='lat' dir='ltr'><strong>tale</strong></span> <span class='ocrx_word' id='word_1_138' title='bbox 285 1991 320 2054; x_wconf 91' lang='lat' dir='ltr'><strong>in</strong></span> <span class='ocrx_word' id='word_1_139' title='bbox 342 1990 527 2055; x_wconf 76' lang='lat' dir='ltr'><strong>valetudine</strong></span> <span class='ocrx_word' id='word_1_140' title='bbox 550 1990 618 2053; x_wconf 90' lang='lat' dir='ltr'><strong>eius</strong></span> <span class='ocrx_word' id='word_1_141' title='bbox 643 1994 676 2054; x_wconf 88' lang='lat' dir='ltr'><strong>et</strong></span> <span class='ocrx_word' id='word_1_142' title='bbox 699 1992 774 2053; x_wconf 89' lang='lat' dir='ltr'><strong>ante</strong></span> <span class='ocrx_word' id='word_1_143' title='bbox 798 1989 922 2062; x_wconf 87' lang='lat' dir='ltr'><strong>feceris.</strong></span> <span class='ocrx_word' id='word_1_144' title='bbox 968 2013 1045 2055; x_wconf 86' lang='lat' dir='ltr'><strong>nam</strong></span> 
     </span>
     <span class='ocr_line' id='line_1_21' title="bbox 85 2076 1098 2163; baseline 0.002 -21"><span class='ocrx_word' id='word_1_145' title='bbox 85 2079 152 2143; x_wconf 86' lang='lat' dir='ltr'><strong>sive</strong></span> <span class='ocrx_word' id='word_1_146' title='bbox 172 2077 288 2160; x_wconf 85' lang='lat' dir='ltr'><strong>fecisti,</strong></span> <span class='ocrx_word' id='word_1_147' title='bbox 312 2082 456 2163; x_wconf 89' lang='lat' dir='ltr'><strong>apparet,</strong></span> <span class='ocrx_word' id='word_1_148' title='bbox 477 2076 638 2161; x_wconf 87' lang='lat' dir='ltr'><strong>quomodo</strong></span> <span class='ocrx_word' id='word_1_149' title='bbox 659 2077 700 2142; x_wconf 90' lang='lat' dir='ltr'><strong>ad</strong></span> <span class='ocrx_word' id='word_1_150' title='bbox 718 2080 848 2142; x_wconf 84' lang='lat' dir='ltr'><strong>tanturn</strong></span> <span class='ocrx_word' id='word_1_151' title='bbox 866 2079 1045 2162; x_wconf 86' lang='lat' dir='ltr'><strong>periculum</strong></span> <span class='ocrx_word' id='word_1_152' title='bbox 1064 2095 1098 2144; x_wconf 81' lang='lat'><strong>20</strong></span> 
     </span>
     <span class='ocr_line' id='line_1_22' title="bbox 85 2165 1046 2250; baseline 0.003 -21"><span class='ocrx_word' id='word_1_153' title='bbox 85 2165 241 2230; x_wconf 89' lang='lat' dir='ltr'><strong>deductus</strong></span> <span class='ocrx_word' id='word_1_154' title='bbox 270 2166 327 2248; x_wconf 71' lang='lat' dir='ltr'><strong>sit,</strong></span> <span class='ocrx_word' id='word_1_155' title='bbox 355 2165 423 2229; x_wconf 76' lang='lat' dir='ltr'><strong>sive</strong></span> <span class='ocrx_word' id='word_1_156' title='bbox 451 2187 516 2231; x_wconf 93' lang='lat' dir='ltr'><strong>non</strong></span> <span class='ocrx_word' id='word_1_157' title='bbox 541 2165 660 2250; x_wconf 80' lang='lat' dir='ltr'><strong>fecisti,</strong></span> <span class='ocrx_word' id='word_1_158' title='bbox 688 2188 707 2230; x_wconf 89' lang='lat' dir='ltr'><strong>a</strong></span> <span class='ocrx_word' id='word_1_159' title='bbox 730 2169 825 2250; x_wconf 88' lang='lat' dir='ltr'><strong>paret</strong></span> <span class='ocrx_word' id='word_1_160' title='bbox 847 2166 949 2232; x_wconf 87' lang='lat' dir='ltr'><strong>fuisse</strong></span> <span class='ocrx_word' id='word_1_161' title='bbox 972 2189 1046 2232; x_wconf 89' lang='lat' dir='ltr'><strong>cau·</strong></span> 
     </span>
     <span class='ocr_line' id='line_1_23' title="bbox 84 2253 1046 2339; baseline 0.002 -21"><span class='ocrx_word' id='word_1_162' title='bbox 84 2277 168 2338; x_wconf 85' lang='lat' dir='ltr'><strong>sam,</strong></span> <span class='ocrx_word' id='word_1_163' title='bbox 199 2257 333 2336; x_wconf 90' lang='lat' dir='ltr'><strong>propter</strong></span> <span class='ocrx_word' id='word_1_164' title='bbox 362 2276 459 2337; x_wconf 88' lang='lat' dir='ltr'><strong>quam</strong></span> <span class='ocrx_word' id='word_1_165' title='bbox 481 2253 616 2318; x_wconf 83' lang='lat' dir='ltr'><strong>faceres.</strong></span> <span class='ocrx_word' id='word_1_166' title='bbox 665 2305 683 2338; x_wconf 93' lang='lat'>„</span> <span class='ocrx_word' id='word_1_167' title='bbox 722 2276 763 2319; x_wconf 92' lang='lat' dir='ltr'><strong>on</strong></span> <span class='ocrx_word' id='word_1_168' title='bbox 785 2255 899 2339; x_wconf 86' lang='lat' dir='ltr'><strong>putavi</strong></span> <span class='ocrx_word' id='word_1_169' title='bbox 921 2277 1046 2339; x_wconf 89' lang='lat' dir='ltr'><strong>nocere,</strong></span> 
     </span>
     <span class='ocr_line' id='line_1_24' title="bbox 84 2341 1046 2428; baseline 0.004 -22"><span class='ocrx_word' id='word_1_170' title='bbox 84 2365 143 2407; x_wconf 89' lang='lat' dir='ltr'><strong>nec</strong></span> <span class='ocrx_word' id='word_1_171' title='bbox 167 2342 286 2407; x_wconf 90' lang='lat' dir='ltr'><strong>credidi</strong></span> <span class='ocrx_word' id='word_1_172' title='bbox 310 2341 472 2410; x_wconf 82' lang='lat' dir='ltr'><strong>medicis.“</strong></span> <span class='ocrx_word' id='word_1_173' title='bbox 505 2342 638 2408; x_wconf 88' lang='lat' dir='ltr'><strong>Adeone</strong></span> <span class='ocrx_word' id='word_1_174' title='bbox 661 2344 775 2428; x_wconf 82' lang='lat' dir='ltr'><strong>ignota</strong></span> <span class='ocrx_word' id='word_1_175' title='bbox 798 2343 975 2409; x_wconf 84' lang='lat' dir='ltr'><strong>medicinae</strong></span> <span class='ocrx_word' id='word_1_176' title='bbox 994 2366 1046 2410; x_wconf 85' lang='lat' dir='ltr'><strong>ex·</strong></span> 
     </span>
     <span class='ocr_line' id='line_1_25' title="bbox 86 2431 391 2550; baseline 0.003 -55"><span class='ocrx_word' id='word_1_177' title='bbox 86 2431 268 2550; x_wconf 59' lang='lat' dir='ltr'><strong>perimente</strong></span> <span class='ocrx_word' id='word_1_178' title='bbox 292 2431 391 2496; x_wconf 82' lang='lat' dir='ltr'><strong>sunt?</strong></span> 
     </span>
    </p>
   </div>
   <div class='ocr_carea' id='block_1_3' title="bbox 83 2573 1129 3155">
    <p class='ocr_par' dir='ltr' id='par_1_4' title="bbox 83 2573 1129 3155">
     <span class='ocr_line' id='line_1_26' title="bbox 157 2573 1047 2660; baseline 0.003 -17"><span class='ocrx_word' id='word_1_179' title='bbox 157 2595 171 2643; x_wconf 94' lang='lat'><strong>1</strong></span> <span class='ocrx_word' id='word_1_180' title='bbox 191 2588 281 2644; x_wconf 74' lang='lat' dir='ltr'><strong>fuesse</strong></span> <span class='ocrx_word' id='word_1_181' title='bbox 300 2594 347 2656; x_wconf 67' lang='lat' dir='ltr'><strong>ea,</strong></span> <span class='ocrx_word' id='word_1_182' title='bbox 366 2604 416 2644; x_wconf 81' lang='lat' dir='ltr'><strong>om.</strong></span> <span class='ocrx_word' id='word_1_183' title='bbox 435 2591 509 2659; x_wconf 72' lang='lat' dir='ltr'><strong>rue</strong></span> <span class='ocrx_word' id='word_1_184' title='bbox 528 2588 832 2660; x_wconf 54' lang='lat' dir='ltr'><strong>subinnuitiones</strong></span> <span class='ocrx_word' id='word_1_185' title='bbox 847 2573 1047 2659; x_wconf 63' lang='lat' dir='ltr'><strong>sueiniest</strong></span> 
     </span>
     <span class='ocr_line' id='line_1_27' title="bbox 85 2659 1044 2770; baseline 0.003 -56"><span class='ocrx_word' id='word_1_186' title='bbox 85 2665 109 2714; x_wconf 75' lang='lat' dir='ltr'>A</span> <span class='ocrx_word' id='word_1_187' title='bbox 122 2663 131 2731; x_wconf 72' lang='lat' dir='ltr'>ss</span> <span class='ocrx_word' id='word_1_188' title='bbox 145 2659 216 2742; x_wconf 84' lang='lat' dir='ltr'><strong>nihil</strong></span> <span class='ocrx_word' id='word_1_189' title='bbox 234 2659 264 2714; x_wconf 91' lang='lat' dir='ltr'><strong>in</strong></span> <span class='ocrx_word' id='word_1_190' title='bbox 281 2661 336 2715; x_wconf 91' lang='lat' dir='ltr'><strong>hoc</strong></span> <span class='ocrx_word' id='word_1_191' title='bbox 354 2659 566 2770; x_wconf 48' lang='lat' dir='ltr'><strong>inlssmlssffl</strong></span> <span class='ocrx_word' id='word_1_192' title='bbox 589 2663 599 2729; x_wconf 73' lang='lat' dir='ltr'>ss</span> <span class='ocrx_word' id='word_1_193' title='bbox 623 2666 638 2714; x_wconf 78' lang='lat'><strong>‘1</strong></span> <span class='ocrx_word' id='word_1_194' title='bbox 658 2677 686 2715; x_wconf 91' lang='lat' dir='ltr'><strong>se</strong></span> <span class='ocrx_word' id='word_1_195' title='bbox 706 2664 747 2713; x_wconf 76' lang='lat' dir='ltr'><strong>Aa</strong></span> <span class='ocrx_word' id='word_1_196' title='bbox 760 2660 769 2729; x_wconf 87' lang='grc' dir='ltr'><strong>ΙΙ</strong></span> <span class='ocrx_word' id='word_1_197' title='bbox 791 2660 863 2728; x_wconf 81' lang='lat' dir='ltr'><strong>legis</strong></span> <span class='ocrx_word' id='word_1_198' title='bbox 886 2664 936 2713; x_wconf 75' lang='lat' dir='ltr'><strong>AB</strong></span> <span class='ocrx_word' id='word_1_199' title='bbox 951 2662 1044 2741; x_wconf 52' lang='grc' dir='ltr'>[ΓΙ-8</span> 
     </span>
     <span class='ocr_line' id='line_1_28' title="bbox 84 2730 1046 2871; baseline 0.001 -16"><span class='ocrx_word' id='word_1_200' title='bbox 84 2730 578 2871; x_wconf 51' lang='lat' dir='ltr'><strong>irrisurus-”liuenti</strong></span> <span class='ocrx_word' id='word_1_201' title='bbox 592 2731 878 2868; x_wconf 54' lang='lat' dir='ltr'><strong>tluuuuttl,</strong></span> <span class='ocrx_word' id='word_1_202' title='bbox 893 2733 1046 2857; x_wconf 65' lang='lat' dir='ltr'><strong>uersu</strong></span> 
     </span>
     <span class='ocr_line' id='line_1_29' title="bbox 84 2873 1047 2942; baseline 0 -14"><span class='ocrx_word' id='word_1_203' title='bbox 84 2874 143 2939; x_wconf 87' lang='lat' dir='ltr'><strong>Ro,</strong></span> <span class='ocrx_word' id='word_1_204' title='bbox 162 2875 211 2940; x_wconf 81' lang='lat' dir='ltr'><strong>cfs.</strong></span> <span class='ocrx_word' id='word_1_205' title='bbox 231 2878 304 2940; x_wconf 82' lang='lat'><strong>221,</strong></span> <span class='ocrx_word' id='word_1_206' title='bbox 319 2879 337 2928; x_wconf 87' lang='grc'><em>8</em></span> <span class='ocrx_word' id='word_1_207' title='bbox 356 2879 381 2928; x_wconf 79' lang='lat' dir='ltr'><strong>et</strong></span> <span class='ocrx_word' id='word_1_208' title='bbox 398 2877 527 2939; x_wconf 83' lang='lat'><strong>350,10;</strong></span> <span class='ocrx_word' id='word_1_209' title='bbox 545 2873 591 2927; x_wconf 84' lang='lat' dir='ltr'><strong>scd</strong></span> <span class='ocrx_word' id='word_1_210' title='bbox 609 2874 643 2938; x_wconf 77' lang='lat' dir='ltr'><strong>cf.</strong></span> <span class='ocrx_word' id='word_1_211' title='bbox 659 2877 815 2942; x_wconf 78' lang='lat' dir='ltr'><strong>376,25sq.</strong></span> <span class='ocrx_word' id='word_1_212' title='bbox 830 2874 839 2941; x_wconf 74' lang='lat' dir='ltr'>ss</span> <span class='ocrx_word' id='word_1_213' title='bbox 856 2881 887 2926; x_wconf 80' lang='lat'><strong>12</strong></span> <span class='ocrx_word' id='word_1_214' title='bbox 907 2890 963 2927; x_wconf 93' lang='lat' dir='ltr'><strong>non</strong></span> <span class='ocrx_word' id='word_1_215' title='bbox 981 2891 1047 2928; x_wconf 79' lang='lat' dir='ltr'><strong>vero</strong></span> 
     </span>
     <span class='ocr_line' id='line_1_30' title="bbox 84 2941 1129 3013; baseline 0.002 -17"><span class='ocrx_word' id='word_1_216' title='bbox 84 2945 111 2998; x_wconf 91' lang='lat' dir='ltr'><strong>d.</strong></span> <span class='ocrx_word' id='word_1_217' title='bbox 130 2946 255 3013; x_wconf 70' lang='lat' dir='ltr'><strong>Bitergo</strong></span> <span class='ocrx_word' id='word_1_218' title='bbox 273 2945 365 3012; x_wconf 65' lang='lat' dir='ltr'>³111ss</span> <span class='ocrx_word' id='word_1_219' title='bbox 384 2941 512 3012; x_wconf 87' lang='lat' dir='ltr'><strong>aliquis</strong></span> <span class='ocrx_word' id='word_1_220' title='bbox 531 2945 577 3013; x_wconf 71' lang='lat' dir='ltr'><strong>All</strong></span> <span class='ocrx_word' id='word_1_221' title='bbox 593 2949 626 2998; x_wconf 82' lang='grc'><strong>16</strong></span> <span class='ocrx_word' id='word_1_222' title='bbox 644 2945 723 2997; x_wconf 87' lang='lat' dir='ltr'><strong>*hoo</strong></span> <span class='ocrx_word' id='word_1_223' title='bbox 741 2946 931 3010; x_wconf 64' lang='lat' dir='ltr'><strong>nilla-23</strong></span> <span class='ocrx_word' id='word_1_224' title='bbox 950 2945 1048 3012; x_wconf 83' lang='lat' dir='ltr'><strong>putavi</strong></span> <span class='ocrx_word' id='word_1_225' title='bbox 1128 2957 1129 2960; x_wconf 77' lang='grc'>’</span> 
     </span>
     <span class='ocr_line' id='line_1_31' title="bbox 83 3013 1048 3138; baseline 0 -70"><span class='ocrx_word' id='word_1_226' title='bbox 83 3032 136 3070; x_wconf 89' lang='lat' dir='ltr'><strong>nec</strong></span> <span class='ocrx_word' id='word_1_227' title='bbox 151 3013 258 3070; x_wconf 87' lang='lat' dir='ltr'><strong>credidi</strong></span> <span class='ocrx_word' id='word_1_228' title='bbox 272 3018 303 3082; x_wconf 84' lang='grc' dir='ltr'><strong>Δ,</strong></span> <span class='ocrx_word' id='word_1_229' title='bbox 322 3014 422 3084; x_wconf 79' lang='lat' dir='ltr'><strong>putavi</strong></span> <span class='ocrx_word' id='word_1_230' title='bbox 444 3030 545 3068; x_wconf 83' lang='lat' dir='ltr'><strong>nocere</strong></span> <span class='ocrx_word' id='word_1_231' title='bbox 571 3014 636 3068; x_wconf 86' lang='lat' dir='ltr'><strong>dedi</strong></span> <span class='ocrx_word' id='word_1_232' title='bbox 654 3019 675 3067; x_wconf 80' lang='lat' dir='ltr'>B</span> <span class='ocrx_word' id='word_1_233' title='bbox 691 3016 713 3138; x_wconf 48' lang='lat'><em>³</em></span> <span class='ocrx_word' id='word_1_234' title='bbox 730 3020 836 3068; x_wconf 76' lang='lat'>23—24</span> <span class='ocrx_word' id='word_1_235' title='bbox 855 3014 1048 3083; x_wconf 83' lang='lat' dir='ltr'><strong>experimenta</strong></span> 
     </span>
     <span class='ocr_line' id='line_1_32' title="bbox 86 3083 1047 3155; baseline 0 -16"><span class='ocrx_word' id='word_1_236' title='bbox 86 3087 152 3140; x_wconf 89' lang='lat' dir='ltr'><strong>sunt</strong></span> <span class='ocrx_word' id='word_1_237' title='bbox 171 3083 267 3155; x_wconf 83' lang='lat' dir='ltr'><strong>egenti</strong></span> <span class='ocrx_word' id='word_1_238' title='bbox 285 3085 344 3140; x_wconf 82' lang='lat' dir='ltr'><strong>vita</strong></span> <span class='ocrx_word' id='word_1_239' title='bbox 362 3085 445 3149; x_wconf 79' lang='lat' dir='ltr'><strong>bona.</strong></span> <span class='ocrx_word' id='word_1_240' title='bbox 470 3103 506 3141; x_wconf 92' lang='lat' dir='ltr'><strong>m.</strong></span> <span class='ocrx_word' id='word_1_241' title='bbox 521 3084 591 3140; x_wconf 84' lang='lat' dir='ltr'><strong>fabii</strong></span> <span class='ocrx_word' id='word_1_242' title='bbox 609 3083 699 3154; x_wconf 85' lang='lat' dir='ltr'><strong>quint&#39;</strong></span> <span class='ocrx_word' id='word_1_243' title='bbox 730 3085 831 3139; x_wconf 85' lang='lat' dir='ltr'><strong>finiunt</strong></span> <span class='ocrx_word' id='word_1_244' title='bbox 849 3085 989 3139; x_wconf 82' lang='lat' dir='ltr'><strong>coloratae</strong></span> <span class='ocrx_word' id='word_1_245' title='bbox 1007 3084 1047 3139; x_wconf 85' lang='lat' dir='ltr'><strong>fe-</strong></span> 
     </span>
    </p>
   </div>
   <div class='ocr_carea' id='block_1_4' title="bbox 83 3154 1047 3298">
    <p class='ocr_par' dir='ltr' id='par_1_5' title="bbox 83 3154 1047 3298">
     <span class='ocr_line' id='line_1_33' title="bbox 83 3154 1046 3225; baseline -0.002 -13"><span class='ocrx_word' id='word_1_246' title='bbox 83 3156 178 3212; x_wconf 86' lang='lat' dir='ltr'><strong>liciter</strong></span> <span class='ocrx_word' id='word_1_247' title='bbox 195 3155 415 3212; x_wconf 67' lang='lat' dir='ltr'><strong>inci&#39;”eiusdem</strong></span> <span class='ocrx_word' id='word_1_248' title='bbox 435 3157 558 3211; x_wconf 83' lang='lat' dir='ltr'><strong>colorate</strong></span> <span class='ocrx_word' id='word_1_249' title='bbox 577 3154 680 3211; x_wconf 76' lang='lat' dir='ltr'><strong>eccm</strong></span> <span class='ocrx_word' id='word_1_250' title='bbox 698 3160 734 3225; x_wconf 74' lang='lat' dir='ltr'><strong>A,</strong></span> <span class='ocrx_word' id='word_1_251' title='bbox 763 3155 955 3225; x_wconf 84' lang='lat' dir='ltr'><strong>experimenta</strong></span> <span class='ocrx_word' id='word_1_252' title='bbox 973 3156 1046 3210; x_wconf 91' lang='lat' dir='ltr'><strong>sunt.</strong></span> 
     </span>
     <span class='ocr_line' id='line_1_34' title="bbox 84 3176 1047 3298; baseline -0.003 -16"><span class='ocrx_word' id='word_1_253' title='bbox 84 3228 123 3282; x_wconf 86' lang='grc' dir='ltr'><strong>Μ.</strong></span> <span class='ocrx_word' id='word_1_254' title='bbox 140 3226 223 3282; x_wconf 82' lang='lat' dir='ltr'><strong>Fabii</strong></span> <span class='ocrx_word' id='word_1_255' title='bbox 242 3176 409 3293; x_wconf 72' lang='lat' dir='ltr'><strong>duinulicni</strong></span> <span class='ocrx_word' id='word_1_256' title='bbox 428 3224 669 3298; x_wconf 57' lang='lat' dir='ltr'><strong>Colorateinciff</strong></span> <span class='ocrx_word' id='word_1_257' title='bbox 683 3226 808 3282; x_wconf 87' lang='lat' dir='ltr'><strong>eiusdem</strong></span> <span class='ocrx_word' id='word_1_258' title='bbox 833 3225 963 3280; x_wconf 88' lang='lat' dir='ltr'><strong>Colorate</strong></span> <span class='ocrx_word' id='word_1_259' title='bbox 984 3225 1047 3279; x_wconf 89' lang='lat' dir='ltr'><strong>feli-</strong></span> 
     </span>
    </p>
   </div>
   <div class='ocr_carea' id='block_1_5' title="bbox 84 3296 1047 3610">
    <p class='ocr_par' dir='ltr' id='par_1_6' title="bbox 85 3296 1047 3383">
     <span class='ocr_line' id='line_1_35' title="bbox 85 3296 1047 3383; baseline -0.005 -29"><span class='ocrx_word' id='word_1_260' title='bbox 85 3298 144 3382; x_wconf 59' lang='lat' dir='ltr'><strong>citf</strong></span> <span class='ocrx_word' id='word_1_261' title='bbox 180 3297 287 3383; x_wconf 72' lang='lat' dir='ltr'><strong>legenti</strong></span> <span class='ocrx_word' id='word_1_262' title='bbox 314 3298 376 3383; x_wconf 62' lang='lat' dir='ltr'><strong>site</strong></span> <span class='ocrx_word' id='word_1_263' title='bbox 399 3298 499 3369; x_wconf 66' lang='lat' dir='ltr'><strong>proba</strong></span> <span class='ocrx_word' id='word_1_264' title='bbox 520 3301 559 3369; x_wconf 74' lang='lat'><strong>1,</strong></span> <span class='ocrx_word' id='word_1_265' title='bbox 586 3296 781 3383; x_wconf 57' lang='lat' dir='ltr'><strong>“perimente</strong></span> <span class='ocrx_word' id='word_1_266' title='bbox 808 3301 881 3352; x_wconf 87' lang='lat' dir='ltr'><strong>sunt.</strong></span> <span class='ocrx_word' id='word_1_267' title='bbox 910 3297 946 3350; x_wconf 87' lang='grc' dir='ltr'><strong>Μ.</strong></span> <span class='ocrx_word' id='word_1_268' title='bbox 966 3296 1047 3350; x_wconf 80' lang='lat' dir='ltr'><strong>Fabii</strong></span> 
     </span>
    </p>

    <p class='ocr_par' dir='ltr' id='par_1_7' title="bbox 85 3366 1046 3439">
     <span class='ocr_line' id='line_1_36' title="bbox 85 3366 1046 3434; baseline -0.012 0"><span class='ocrx_word' id='word_1_269' title='bbox 85 3366 253 3434; x_wconf 66' lang='lat' dir='ltr'><strong>Qumflhm</strong></span> <span class='ocrx_word' id='word_1_270' title='bbox 272 3370 376 3427; x_wconf 68' lang='lat' dir='ltr'><strong>aaran</strong></span> <span class='ocrx_word' id='word_1_271' title='bbox 396 3366 558 3431; x_wconf 61' lang='lat' dir='ltr'><strong>calm</strong></span> <span class='ocrx_word' id='word_1_272' title='bbox 651 3374 726 3425; x_wconf 62' lang='lat' dir='ltr'><strong>cont</strong></span> <span class='ocrx_word' id='word_1_273' title='bbox 747 3367 873 3423; x_wconf 79' lang='lat' dir='ltr'><strong>eiusdem</strong></span> <span class='ocrx_word' id='word_1_274' title='bbox 896 3369 1046 3422; x_wconf 82' lang='lat' dir='ltr'><strong>coloratae.</strong></span> 
     </span>
    </p>

    <p class='ocr_par' dir='ltr' id='par_1_8' title="bbox 84 3436 1046 3610">
     <span class='ocr_line' id='line_1_37' title="bbox 84 3436 1046 3514; baseline 0 -21"><span class='ocrx_word' id='word_1_275' title='bbox 84 3439 142 3494; x_wconf 69' lang='lat' dir='ltr'><strong>foer</strong></span> <span class='ocrx_word' id='word_1_276' title='bbox 176 3440 316 3500; x_wconf 35' lang='lat' dir='ltr'><strong>:faiho</strong></span> <span class='ocrx_word' id='word_1_277' title='bbox 433 3444 561 3514; x_wconf 32' lang='lat' dir='ltr'><strong>“gfff</strong></span> <span class='ocrx_word' id='word_1_278' title='bbox 591 3436 945 3510; x_wconf 49' lang='lat' dir='ltr'><strong>„ratiocinationi</strong></span> <span class='ocrx_word' id='word_1_279' title='bbox 965 3438 1046 3494; x_wconf 78' lang='lat' dir='ltr'><strong>Colo·</strong></span> 
     </span>
     <span class='ocr_line' id='line_1_38' title="bbox 676 3509 988 3610; baseline -0.005 -30.434"><span class='ocrx_word' id='word_1_280' title='bbox 676 3509 988 3610; x_wconf 51' lang='lat' dir='ltr'><strong>„seelera-</strong></span> 
     </span>
    </p>
   </div>
   <div class='ocr_carea' id='block_1_6' title="bbox 0 0 1205 3862">
    <p class='ocr_par' dir='ltr' id='par_1_9' title="bbox 0 0 1205 3862">
     <span class='ocr_line' id='line_1_39' title="bbox 0 0 1205 3862; baseline 0 0"><span class='ocrx_word' id='word_1_281' title='bbox 0 0 1205 3862; x_wconf 95' lang='lat' dir='ltr'><strong> </strong></span> 
     </span>
    </p>
   </div>
  </div>
 </body>
</html>
