2392 3862
340 214 661 272 DECLAMATIONES.
680 213 870 270 cccxxxlx.
1023 213 1085 277 341
1168 273 1170 280 s

127 380 214 464 victi,
237 380 325 465 leges
348 384 460 444 tamen
480 377 602 442 similes
621 368 828 462 linguamque
848 380 934 443 certe
953 377 1088 441 eandem

127 471 324 553 pateremur:
353 468 409 532 sed
434 489 507 531 cum
530 467 662 531 homine
685 466 839 550 barbaro,
861 489 934 531 cum
957 466 1088 532 homine

129 557 260 640 crudeli,
289 578 362 621 cum
384 555 516 620 homine
540 554 670 619 infesto.
717 576 911 640 quamquam
936 555 1012 639 quid
1034 577 1089 619 ne·

51 702 55 709 .
129 666 218 711 cesse
242 649 293 709 est
316 645 381 709 ista
399 643 519 709 diutius
540 643 667 708 dicere?
692 664 839 728 pugnare
862 645 948 708 enim
966 643 1090 727 placuit

128 738 162 798 et
182 734 301 817 placet.
333 734 369 797 in
391 733 454 797 hoo
477 733 579 819 igitur
601 733 734 816 proelio,
758 730 853 816 quod,
875 735 912 796 ut
932 731 1007 816 dixi,
1029 754 1089 816 pro
1109 748 1125 797 o

128 823 280 886 universa
303 821 437 886 Graecia
462 842 704 906 susceperamus
727 820 872 885 nondum
896 820 966 885 dico
990 842 1090 903 quan-

127 916 197 974 tum
220 911 367 975 nocuerit
390 910 528 974 istorum
551 911 663 974 timor:
687 910 827 990 interim,
852 909 942 973 cuius
971 929 1091 992 propo·

129 998 185 1062 siti
207 999 305 1063 fuerit
329 999 465 1082 animus,
489 997 656 1063 attendite.
689 998 787 1082 longe
810 997 1033 1062 felicissimum
1055 998 1091 1061 in

128 1087 222 1152 bellis
247 1092 298 1153 est
319 1088 461 1152 vincere:
486 1086 716 1170 fortissimum,
739 1088 768 1152 si
790 1086 928 1150 victoria
949 1107 1016 1150 non
1038 1084 1090 1150 de-

127 1179 194 1259 tur,
217 1198 277 1259 pro
301 1197 397 1240 causa
420 1174 513 1240 mori.
546 1179 596 1240 est
618 1177 729 1239 tamen
748 1174 850 1259 (nec)
869 1175 948 1239 tert‘
923 1178 1005 1239 trum
1031 1174 1089 1239 ali·
1109 1190 1144 1239 10

128 1264 215 1366 quod
241 1265 327 1329 inter
350 1260 520 1328 dedecora:
555 1263 591 1326 in
618 1264 759 1348 patriam
786 1266 873 1328 certe
901 1263 1019 1346 redire,
1049 1266 1090 1347 et,

128 1352 157 1416 si
179 1353 308 1419 uincere
331 1374 397 1416 non
421 1351 528 1434 detur,
557 1351 706 1436 effugere
751 1354 862 1436 potest
885 1351 970 1416 enim
995 1351 1091 1436 credi,

128 1441 184 1526 qui
212 1441 274 1504 hoc
300 1440 392 1524 fecit,
424 1439 464 1504 ad
493 1440 667 1506 secundam
697 1440 765 1522 [ad]
794 1462 829 1504 se
859 1441 961 1505 aciem
989 1462 1091 1505 reser-

128 1550 222 1592 vasse
246 1532 279 1592 et
301 1528 367 1594 vict
368 1551 423 1592 um
454 1527 597 1594 adversis
626 1529 769 1594 animum
796 1529 988 1612 reposuisse.
1033 1529 1089 1593 ille

129 1638 214 1700 uero,
238 1617 293 1701 qui
316 1639 351 1681 se
373 1617 408 1680 in
432 1617 622 1682 servitutem
644 1617 733 1682 hosti
756 1617 857 1702 dedit,
881 1618 936 1701 qui
960 1618 1089 1683 abiectis
1110 1632 1143 1682 15

129 1705 225 1771 armis
260 1711 377 1789 parata
412 1706 446 1770 in
483 1705 614 1771 vincula
645 1706 797 1790 praebuit
829 1728 942 1771 manus
949 1756 958 1789 ,
994 1728 1090 1790 quam

127 1793 259 1858 tandem
287 1795 383 1859 nobis
412 1795 557 1878 spemin
581 1798 750 1878 posterum
772 1794 875 1858 facit?
898 1799 996 1877 atque
1020 1813 1091 1878 ego,

128 1882 355 1966 Athenienses,
374 1905 411 1947 eo
430 1888 591 1966 tempore,
616 1905 679 1966 quo
703 1883 804 1966 recipi
827 1882 909 1946 istos
932 1882 1090 1966 placebat,

127 1971 385 2035 contradicturus
408 1970 471 2052 fui,
501 1969 566 2033 nisi
595 1970 680 2053 quod
702 1973 832 2054 poterat
854 1970 1027 2034 honestum
1051 1991 1090 2034 ex

127 2057 179 2122 his
211 2058 351 2142 receptis
385 2058 567 2140 exemplum
604 2058 684 2121 fieri.
748 2062 824 2122 sunt
859 2057 961 2141 igitur
998 2057 1090 2142 digni
1109 2073 1144 2122 20

127 2167 233 2229 poena
263 2146 387 2229 aliqua,
418 2150 494 2210 sunt
521 2145 716 2230 ignominia,
749 2146 777 2210 si
803 2145 866 2210 hoc
897 2148 1026 2209 tantum
1049 2146 1090 2210 ad

129 2236 217 2317 ipsos
240 2233 407 2298 referatur.

197 2320 259 2386 Sed
287 2321 383 2386 redeo
413 2321 454 2385 ad
482 2320 648 2405 publicam
672 2322 856 2387 utilitatem.
906 2321 989 2386 nihil
1014 2343 1091 2408 esse,

131 2432 194 2494 quo
230 2410 334 2494 magis
366 2410 538 2494 disciplina
571 2411 726 2476 militaris
760 2410 944 2476 confirmari
975 2412 1090 2496 possit,

129 2498 360 2583 Athenienses,
383 2521 480 2584 quam
504 2501 685 2584 exemplum
709 2498 862 2565 adversus
886 2498 1089 2586 <in>dignos,
1109 2514 1144 2564 ao

126 2610 222 2652 nemo
246 2588 412 2652 dubitabit.
450 2610 531 2673 quae
556 2590 642 2653 enim
666 2611 739 2673 spes
763 2587 912 2653 inbellis
931 2588 966 2651 in
985 2589 1089 2654 milite

127 2681 240 2740 nostro
272 2676 402 2741 residua
435 2680 499 2762 est,
532 2677 560 2743 si
592 2677 675 2741 nihil
706 2677 816 2761 potius
848 2676 960 2761 fuerit,
992 2699 1090 2761 quam

127 2764 223 2848 oapi?
273 2768 395 2830 certum
423 2765 543 2849 habeo,
574 2787 660 2833 nunc
688 2765 769 2830 istos
798 2767 883 2831 male
907 2766 1026 2831 sentire
1049 2765 1088 2829 de

128 2852 194 2937 his,
217 2853 329 2938 quiin
353 2854 421 2920 acie
445 2853 638 2919 ceciderunt.

197 3032 214 3081 3
233 3024 358 3099 quid]'s1
374 3007 420 3097 111
438 3033 454 3083 Ἰ
473 3025 601 3084 timuerit
618 3027 691 3097 Plss
709 3027 839 3098 ferithll
860 3032 893 3081 10
911 3023 1004 3098 (nec)
1022 3024 1066 3080 Ro
1080 3026 1089 3098 ll

129 3102 161 3151 11
184 3104 215 3152 Ν
237 3098 587 3171 Allssedffliuclom.
606 3100 797 3171 Bliaseha,
817 3029 1000 3164 cossura
1018 3112 1088 3153 corr.

126 3168 217 3241 Aa!
244 3173 353 3225 13-14
370 3184 401 3225 se
418 3172 583 3227 muse!
631 3174 664 3224 15
683 3185 714 3225 se
732 3185 782 3225 om.
801 3167 936 3238 Plinter
955 3167 1089 3221 virtutem

125 3240 227 3325 ΒΜ.
236 3238 274 3309 ab
291 3236 356 3309 hur
373 3242 444 3311 n..
455 3255 526 3297 corr
546 3239 586 3295 1³0·
622 3244 656 3297 la
674 3239 756 3296 vobis
773 3240 865 3308 111118
884 3238 980 3307 recepi
997 3237 1089 3310 Ml

188 3336 259 3372 :2
315 3306 386 3385 ..Al
470 3338 479 3356 ν
500 3308 1089 3395 AAAA<m>drgnosAerll26dub1tavrt

161 3452 167 3459 ι
229 3413 230 3422 ¹
279 3389 322 3474 ,3
361 3399 362 3404 ’
408 3423 444 3452 m
509 3380 661 3463 ,pl-,u
686 3396 804 3437 numero
822 3397 874 3437 res.
893 3385 914 3433 B
