2392 3862
149 223 214 291 282
515 222 746 289 QUINTILIANI

148 410 343 473 quamquam
372 391 496 454 secreto
517 388 668 472 scriptos.
713 387 823 471 potuit
850 405 928 469 ergo
957 407 1050 451 amor
1080 386 1116 453 in

148 498 245 543 eausa
263 499 343 561 esse,
365 477 474 560 potuit
491 477 563 562 ipsa
576 475 752 560 pudicitiae
767 475 940 540 admiratio
959 475 994 540 in
1013 497 1115 542 eausa

147 565 257 632 fuisse.
278 565 352 647 feeit
365 566 525 631 virtutum
534 565 738 631 intellectum
748 586 856 629 rernm
870 566 997 629 natura.
1020 565 1115 632 nulla

148 658 242 720 tanta
264 655 345 720 vitia
369 659 455 739 sunt,
478 676 560 738 quae
582 675 649 718 non
671 652 808 718 meliora
831 653 1000 718 mirentur.

112 760 129 810 5
216 741 278 809 Sed
301 747 460 828 quatenus
484 743 702 826 suspicemur,
724 741 836 806 videor
858 741 1042 826 perspicere
1064 765 1116 809 ra·

146 833 283 916 tionem,
316 854 414 916 quare
445 831 508 897 hoe
539 831 602 897 tibi
629 830 840 895 mandaverit.
890 830 1032 895 nondum
1056 831 1116 897 illa

147 922 271 1006 opiam,
304 922 449 986 nondum
481 923 662 986 aecusator:
700 919 787 984 rides
817 919 912 1004 haee;
943 923 1115 1004 tamquam

147 1012 189 1076 ab
222 1010 386 1076 advocatis
420 1008 544 1094 audies,
577 1008 704 1094 <quae>
734 1029 795 1094 ego
828 1008 867 1073 de
897 1011 931 1073 te
959 1008 1115 1092 suspicer.

147 1121 272 1183 pauper
296 1120 382 1182 eras,
405 1098 530 1164 vicinus
553 1119 640 1164 eras:
668 1097 766 1162 huius
789 1097 861 1162 noti
885 1119 1002 1182 mores,
1025 1101 1116 1163 certa

96 1206 129 1256 10
149 1189 314 1253 sanctitas.
354 1191 571 1272 'argumento
617 1186 837 1270 probabimus:
883 1207 956 1252 eum
1002 1207 1117 1252 rumor

147 1280 319 1361 utrumque
344 1276 530 1361 infamaret,
558 1280 595 1340 tu
622 1298 696 1341 reus
718 1274 826 1340 faetus
850 1297 898 1359 es3
926 1278 1002 1340 ate
1025 1276 1115 1340 leno·

147 1364 268 1444 einium
292 1365 454 1431 committi
476 1365 559 1429 dixit
582 1367 759 1448 aecusator,
781 1386 848 1429 non
871 1365 912 1429 ab
935 1363 998 1430 hae
1022 1362 1115 1429 adul·

147 1454 275 1517 terium.
330 1475 398 1519 non
426 1474 503 1539 ergo
532 1475 617 1518 nova
648 1453 729 1518 haee
762 1453 824 1517 erit
857 1452 997 1537 suspicio
1030 1473 1115 1537 mea,

148 1562 253 1623 neque
276 1563 314 1605 ex
337 1564 388 1605 me
412 1545 500 1607 nata.
534 1542 577 1627 id,
600 1541 686 1626 quod
710 1546 879 1608 aecusator
901 1542 964 1607 tibi
984 1541 1115 1626 obieeit,

95 1649 128 1698 15
147 1629 243 1694 hodie
271 1629 380 1694 eredo:
413 1631 557 1695 loentum
593 1652 663 1695 esse
690 1633 798 1696 tecum
827 1630 973 1712 divitem,
1006 1630 1113 1718 egisse

147 1720 264 1802 tenum,
289 1719 478 1802 promisisse
501 1719 564 1784 tibi
587 1719 701 1803 multa,
724 1719 901 1785 novissime
925 1720 1025 1784 etiam
1048 1720 1114 1785 iae·

147 1809 235 1872 tasse
258 1810 502 1874 testamentum.

514 2017 732 2088 OOOXXVI.
1025 2107 1044 2121 ,Ι
1064 2107 1068 2118 Ι
1086 2107 1109 2124 ,Α

286 2145 413 2227 Legati
436 2147 536 2212 filins
560 2144 708 2212 victima
730 2143 971 2228 pestilentiae.

94 2288 128 2337 20
148 2271 211 2347 Qui
242 2271 430 2355 pestilentia
462 2271 668 2355 laborabant,
701 2270 860 2336 miserunt
892 2271 1040 2355 legatum
1073 2271 1113 2336 ad

237 2361 405 2424 oraculum
428 2359 612 2443 petendum.
656 2381 849 2444 responsum
874 2361 924 2424 est
947 2359 986 2442 ei,
1008 2358 1114 2425 filium

234 2448 337 2530 ipsius
364 2447 600 2512 immolandum
629 2469 709 2513 esse.
758 2448 816 2513 ille
843 2447 1010 2513 nuntiavit
1036 2448 1114 2513 eivi-

235 2535 299 2599 tati
323 2557 414 2600 saera
437 2535 623 2619 desiderari,
645 2535 715 2602 filio
734 2559 847 2602 verum
865 2536 1032 2603 confessus
1053 2541 1113 2605 est

237 2623 337 2688 saeris
365 2623 467 2689 finitis
499 2624 687 2708 pestilentia
714 2648 780 2691 non
804 2629 854 2691 est
876 2625 979 2690 finita
1024 2624 1113 2691 filius

235 2713 396 2794 prooessit
425 2713 460 2776 in
494 2713 678 2779 contionem
711 2718 744 2778 et
773 2736 807 2779 se
839 2714 910 2800 ipse
939 2712 1114 2780 interfecit

236 2800 331 2953 finlitla
362 2801 551 2884 pestilentia
583 2825 657 2868 reus
685 2806 736 2868 est
762 2804 892 2888 legatus
923 2803 1035 2868 laesae
1064 2801 1114 2880 rei

236 2911 280 2973 pu
317 2911 395 2956 reae.

220 3089 233 3136 1
254 3083 399 3151 tamquam
418 3099 487 3138 seer.
506 3088 557 3136 AB
571 3085 580 3154 ΙΙ
595 3090 610 3138 3
626 3083 700 3138 sedit
717 3087 778 3153 ΑΒ,
798 3083 867 3140 serit
879 3084 950 3150 edd„
967 3099 1038 3139 corr.
1053 3082 1114 3152 Ro,-

147 3154 225 3210 dedit
242 3153 324 3220 Raa,
342 3155 433 3221 fort*
446 3153 496 3209 dat
514 3155 523 3224 ΙΙ
542 3161 559 3209 4
576 3149 709 3211 mutit'B
726 3157 767 3226 1Ιὸ
786 3154 958 3225 suspieamus
974 3156 1051 3226 3116
1069 3153 1116 3210 illi

146 3226 299 3295 alvidet
326 3228 362 3291 A,
394 3224 457 3284 vida
484 3229 517 3294 B,
551 3242 619 3282 corr.
647 3225 692 3282 Ro
714 3228 723 3296 ΙΙ
751 3232 767 3282 8
791 3226 826 3281 ab
850 3226 905 3281 hae
927 3227 1046 3282 vocatus
1064 3225 1116 3300 {³ss

146 3295 940 3439 ttutltttlrltttllttttt''ttpltltl
959 3300 1023 3423 a
1042 3312 1115 3427 m

503 3411 510 3437 2
668 3407 676 3437 v
757 3411 763 3423 ·
927 3384 968 3451 90
1019 3384 1055 3425 ΟΠ

148 3440 244 3562 Βὲἰῖἐ
264 3439 418 3507 petendum
436 3455 487 3495 om.
506 3443 526 3494 B
545 3441 555 3508 11
573 3444 608 3494 23
627 3439 701 3494 seori
718 3440 762 3508 ΒΙΙ
776 3438 936 3496 desideravi
952 3442 984 3509 1,
1001 3438 1117 3497 deside-

147 3524 179 3563 ra
1102 3524 1109 3543 ·’

880 3584 1081 3639 uttffli'lik'lfltssffss'
1094 3620 1099 3625 “
