2392 3862
341 227 661 285 DECLAMATIONES.
682 227 829 285 cccxml.
1006 229 1070 294 349

111 391 195 457 finit
185 413 226 456 10.
257 392 337 457 dieit
322 392 447 457 tenim
469 391 507 472 is,
532 391 588 474 qui
609 391 752 475 petitin
716 393 973 477 mservitutem,
997 415 1071 458 eum

112 503 181 547 esse
208 480 243 544 in
269 481 423 545 libertate
450 479 574 543 domini
597 480 779 563 voluntate,
812 503 908 565 quem
929 483 1067 547 liberum

111 591 182 635 esse
204 569 354 634 dominus
377 569 526 633 voluerit.
572 570 685 633 nostra
706 590 783 652 pars
806 568 927 653 dicit,
916 591 951 634 m
973 570 1070 635 liber·

110 660 179 724 tate
203 680 272 723 esse
295 657 421 722 domini
443 657 612 723 voluntate
635 678 704 741 eos,
728 657 782 741 qui
807 657 928 741 aliquid
950 681 1010 741 pro
1032 659 1071 723 li-

109 747 197 812 beris
221 769 261 811 ex
283 746 451 811 voluntate
474 745 597 811 domini
624 745 778 810 fecerunt.
824 745 999 826 refellenda
1022 751 1105 814 esta

110 836 206 900 nobis
229 835 335 899 finitio
358 835 463 919 partis
487 834 652 918 adversae,
680 833 794 899 deinde
822 838 936 898 nostra
959 835 1072 899 confir-

109 923 238 988 manda.
282 923 356 988 finis
378 926 481 1008 partis
505 923 660 988 adversae
683 924 730 988 sie
752 923 927 1004 refelletur.

422 1063 758 1130 DECLAMATIO.

176 1170 248 1248 Qui
270 1173 473 1238 voluntate
497 1170 642 1236 demini
664 1171 703 1235 in
727 1171 915 1236 libertate
939 1170 1071 1254 fuerit,

109 1260 211 1326 liber
234 1262 296 1327 sit.
326 1259 360 1324 Si
383 1260 422 1325 de
444 1259 497 1324 his
520 1260 708 1343 loqueretur
730 1260 789 1342 lex,
814 1281 894 1343 quos
919 1258 1069 1324 dominus
1089 1277 1123 1325 10

110 1349 355 1414 manumisisset
374 1353 406 1413 et
424 1347 545 1413 liberos
566 1370 635 1413 esse
653 1348 819 1431 voluisset,
839 1369 1070 1431 supervacuum

110 1441 191 1502 erat.
219 1459 297 1501 nam
319 1438 418 1501 etiam
441 1437 503 1500 hae
525 1438 597 1522 lege
616 1436 746 1501 sublata
764 1458 831 1501 non
850 1436 1070 1521 dubitabatur,

109 1526 187 1610 quin
210 1525 402 1591 manumissi
425 1525 520 1590 liberi
544 1528 661 1591 essent
695 1529 864 1609 praeterea
887 1525 975 1590 aliud
998 1548 1069 1590 esse

109 1614 145 1677 in
167 1614 318 1679 libertate
342 1636 425 1698 esse,
457 1613 545 1678 aliud
569 1614 707 1680 liberum
730 1636 814 1699 esse,
845 1615 943 1679 etiam
968 1636 1006 1678 ex
1030 1637 1068 1680 eo

107 1702 316 1768 manifestum
340 1707 402 1786 est,
426 1703 512 1787 quod
536 1724 606 1785 eos,
628 1705 683 1787 qui
706 1703 742 1767 in
764 1704 915 1767 libertate
939 1702 1069 1786 fuerint,
1090 1719 1122 1767 15

107 1791 229 1857 liberos
253 1814 323 1858 esse
347 1794 400 1857 lex
422 1793 522 1857 iubet.
559 1792 600 1856 ad
623 1813 704 1875 quos
729 1813 805 1876 ergo
828 1793 881 1856 lex
903 1791 1069 1875 pertinet?

106 1885 144 1945 ut
166 1883 206 1946 ad
229 1885 377 1946 nostram
400 1880 583 1944 finitionem
605 1881 787 1944 redeamus:
811 1881 867 1962 qui
884 1879 1069 1943 volentibus

107 1969 247 2034 dominis
276 1969 413 2034 fecerint
441 1969 552 2051 aliqua
578 1970 745 2051 tamquam
768 1967 870 2031 liberi.
916 1969 954 2029 ut
981 1970 1069 2050 puta,

108 2057 254 2141 signavit
286 2056 408 2140 aliquid
439 2056 569 2120 volente
602 2054 733 2119 domino
768 2077 893 2118 servus:
931 2054 1069 2119 liberum

109 2165 178 2209 esse
201 2145 282 2209 vult.
318 2145 466 2228 iniquum
490 2143 576 2207 enim
599 2143 661 2207 erit
683 2141 813 2207 tabulas
836 2142 1014 2227 †auferri†
1037 2147 1072 2230 et
1088 2160 1123 2208 20

109 2233 386 2316 circumscriptum
409 2253 480 2297 esse
497 2231 606 2296 nescio
626 2253 730 2315 quem,
754 2232 806 2295 eui
824 2232 972 2315 signatae
993 2235 1069 2295 sunt

107 2321 249 2385 tabulae.
278 2321 374 2386 iudex
396 2322 482 2386 inter
505 2320 585 2384 duos
610 2320 795 2384 convenerit
818 2324 851 2384 et
874 2320 1068 2406 sententiam

107 2409 221 2473 tulerit
247 2411 376 2474 volente
404 2408 547 2475 domino:
574 2409 715 2473 liberum
744 2430 814 2473 esse
840 2408 927 2473 hune
955 2408 1068 2493 voluit,

107 2501 145 2562 ut
186 2519 225 2562 ea
260 2521 326 2582 res,
376 2521 458 2583 quae
498 2497 642 2563 iudicata
683 2501 765 2580 erat,
801 2497 938 2562 haberet
975 2520 1068 2562 suum

106 2586 213 2651 finem.
236 2587 372 2671 denique
394 2587 566 2670 neminem,
589 2587 644 2671 qui
668 2587 702 2650 in
720 2586 830 2670 aliqua
849 2586 954 2650 forma
971 2587 1068 2651 liber·
1088 2601 1121 2651 25

107 2676 187 2740 tatis
209 2675 331 2758 fuisset,
354 2677 417 2740 nisi
432 2674 553 2740 ¹fraude
576 2679 609 2739 et
633 2676 729 2760 eulpa
752 2697 810 2739 sua
827 2675 931 2740 redire
949 2675 984 2738 in
1003 2697 1068 2739 ser·

106 2765 244 2829 vitutem
276 2765 388 2829 voluit.
445 2765 480 2828 in
511 2764 665 2829 libertate
698 2767 806 2828 autem
837 2762 967 2848 putavit
998 2785 1068 2828 esse

106 2852 216 2936 legum
243 2852 331 2918 lator
358 2853 457 2917 etiam
485 2873 554 2937 eos,
583 2853 638 2936 qui
666 2873 732 2918 non
755 2853 923 2917 voluntate
945 2851 1069 2916 domini

106 2941 141 3005 in
170 2941 324 3006 libertate
352 2945 472 3024 essent3
504 2942 588 3006 sicut
615 2962 683 3024 eos,
713 2941 769 3024 qui
800 2940 988 3006 absentibus
1013 2941 1068 3003 do-

180 3076 222 3131 1
213 3094 297 3132 lama.
309 3079 382 3148 Bfl2
401 3078 578 3133 voluntatem
596 3083 637 3132 Δα
649 3079 659 3148 t
673 3078 780 3134 domini
797 3079 943 3133 voluntate
962 3094 1012 3132 om
1031 3078 1068 3150 311

106 3165 193 3218 quam
208 3148 389 3218 Aflliberum
407 3165 457 3205 om.
471 3151 546 3220 318
564 3149 636 3205 dixit
653 3152 726 3221 3Ιὸ
746 3148 958 3220 repellendas,
976 3147 1068 3217 repel-

105 3166 619 3291 ltndsswrelleturaorrssrttre
634 3219 1069 3290 AnfflwrrGrlosedeis

106 3220 700 3421 hillaa*menumieitetvelnit(2)
731 3220 1070 3414 lahadilelsswfx!

106 3360 428 3433 suavissimarum!
572 3360 651 3422 ...3ο
782 3359 956 3431 Grssal-
959 3361 1070 3417 assint

106 3430 554 3585 0220&me
530 3444 634 3532 aaa,
625 3378 1094 3549 gjnmunxmwxeu
