2392 3862
338 223 656 281 DEOLAMATIONES.
682 223 875 281 CCLXXVIII.
1021 223 1084 291 133

125 389 224 454 fiteri:
249 393 382 473 repetet
397 388 547 472 fortasse,
570 387 625 472 qui
644 387 740 452 dedit.
775 388 917 474 interim,
939 388 1001 452 tibi
1020 408 1087 454 non

127 477 210 542 alius
234 476 336 559 debet,
359 499 455 560 quam
481 475 537 559 qui
561 474 639 540 mihi
664 474 761 540 dedit.

193 564 254 632 Sed
286 565 362 632 volo
395 585 481 630 nunc
509 584 605 649 agere
633 564 733 628 etiam
760 564 808 629 rei
834 566 984 649 publicae
1013 589 1086 632 cau-

126 677 196 720 sam
220 658 254 720 et
277 655 323 720 sic
345 653 540 737 respondere
560 651 631 735 tibi,
653 656 822 738 tamquam
839 653 927 719 istud
946 677 966 719 a
984 655 1085 740 magi·

127 743 285 809 stratibus
308 746 412 826 petas.
443 763 510 806 non
529 745 578 808 est
596 745 725 826 tempus
744 741 806 806 hoc
825 742 962 808 actionis
980 743 1085 808 istius.
1104 757 1120 808 5

125 831 255 916 quando
280 831 365 896 enim
384 831 471 895 fflius
489 835 564 896 tuus
583 831 716 896 fortiter
733 829 834 896 iecit?
858 831 998 896 multum
1020 833 1084 897 iam

126 921 285 985 transisse
312 923 441 1004 tempus
469 923 544 985 ante
572 920 658 985 hanc
689 919 849 984 actionem
873 919 1086 986 confiteberis.

126 1009 345 1093 interrogabo,
367 1009 425 1074 ubi
446 1008 557 1074 fueris.
590 1008 719 1073 etiamsi
741 1011 774 1072 te
796 1007 1016 1092 peregrinatio
1029 1007 1088 1073 'de-

126 1097 240 1182 tinuit,
267 1097 394 1162 etiamsi
422 1097 571 1162 absentia
597 1098 633 1162 in
661 1118 759 1163 causa
784 1096 862 1182 fuit,
892 1096 1087 1181 quominus

126 1186 300 1270 acciperes,
322 1186 428 1251 dicam
453 1189 563 1250 tamen
585 1187 740 1270 pleraque
763 1186 836 1251 iura
858 1189 1004 1270 tempore
1029 1185 1140 1250 cir-10

126 1275 308 1341 cumscribi.
343 1275 372 1339 si
393 1296 470 1340 vero
496 1278 529 1339 et
551 1275 586 1339 in
609 1275 740 1342 civitate
763 1274 856 1339 fuisti
878 1277 913 1340 et
934 1295 1087 1358 praesens

132 1384 213 1444 eras,
236 1384 308 1429 cum
331 1364 547 1429 honoraretur
568 1363 664 1444 filius,
686 1368 723 1428 ut
741 1385 828 1429 nuno
846 1385 898 1431 res
918 1366 979 1448 est,
1000 1366 1089 1428 tuus:

129 1451 307 1536 interrogo,
330 1473 386 1516 cur
408 1473 475 1517 non
499 1451 652 1536 petieris?
676 1474 753 1519 nam
776 1455 814 1518 ut
835 1474 901 1519 non
920 1452 1090 1536 acceperis,

131 1538 252 1604 sufficit
275 1540 349 1625 hoc,
377 1540 462 1625 quod
489 1563 554 1606 non
577 1541 699 1626 petisti.
744 1564 810 1608 non
834 1564 905 1609 eras
929 1541 987 1606 illo
1010 1544 1090 1608 tem-

129 1649 209 1711 pore
232 1631 333 1714 pater,
362 1630 437 1715 quia
460 1630 626 1696 nesciebas
648 1634 682 1695 te
706 1651 785 1697 esse.
821 1653 887 1697 non
910 1630 1089 1696 debebatur
1109 1642 1142 1692 15

129 1716 231 1802 igitur
253 1718 315 1784 tibi
338 1739 376 1784 eo
400 1722 556 1804 tempore,
580 1740 643 1804 quo
667 1741 718 1786 res
741 1719 874 1802 publica
898 1719 1017 1784 debuit.

195 1805 281 1871 Illud
300 1828 426 1892 quoque
445 1808 683 1892 interrogo<r>,
706 1807 867 1892 quomodo
889 1807 1013 1872 factum
1037 1808 1091 1889 sit,

130 1897 168 1959 ut
191 1916 252 1981 ego
277 1896 464 1980 acciperem.
496 1900 588 1981 pater
610 1897 671 1962 viri
694 1896 790 1962 fortis
814 1918 913 1961 aram.
945 1893 1090 1970 Quorum

128 1986 303 2067 utrumque
323 1984 468 2049 breviter
487 1984 654 2050 ostendere
673 1984 772 2049 iudici
790 1984 1009 2048 necessarium
1027 1985 1090 2046 est:

129 2074 163 2136 at
185 2092 237 2135 me
260 2078 331 2135 turn
354 2069 482 2155 patrem
505 2071 619 2155 fuisse,
650 2093 723 2136 cum
746 2071 857 2136 decem
879 2070 971 2136 milia
996 2069 1090 2135 debe·
1108 2084 1143 2135 2ο

129 2159 250 2223 bantur
276 2161 364 2243 patri
387 2159 449 2224 riri
476 2158 586 2243 fortis,
613 2162 646 2224 et
668 2163 700 2224 te
718 2180 795 2235 *non
822 2159 924 2223 fuisse
953 2157 1090 2242 ideoque

128 2252 163 2312 te
182 2269 247 2312 non
266 2248 438 2330 accepisse.
470 2249 573 2331 patris
592 2247 677 2313 enim
696 2247 858 2331 <uomen>
877 2268 944 2312 non
961 2250 1090 2313 tantum

128 2339 264 2402 naturae
300 2336 359 2402 illo
395 2336 490 2404 initio
529 2337 782 2418 continc[n]tur:
823 2336 904 2402 satis
941 2340 990 2402 est
1024 2337 1091 2421 ple-¹

44 2447 45 2451 ¹
128 2447 265 2510 rumque
290 2425 330 2489 ad
353 2424 416 2490 hoc
437 2425 497 2510 ius,
519 2425 630 2491 rideri.
672 2448 751 2491 num
776 2425 909 2493 dubium
932 2429 990 2509 est,
1013 2427 1090 2509 quin

130 2512 159 2578 si
182 2514 358 2579 intestatus
380 2514 600 2600 decessissem,
627 2519 800 2599 autequam
827 2518 864 2580 tu
888 2534 1091 2599 agnosceres,
1110 2530 1143 2578 no

129 2600 275 2667 aditurus
298 2601 354 2666 ille
376 2602 600 2688 hereditatem,
622 2603 715 2688 quasi
732 2603 838 2689 filius,
859 2603 981 2669 fuerit?
1010 2626 1088 2669 num

128 2689 263 2755 dubium
286 2693 350 2775 est,
380 2692 459 2776 quin
486 2692 515 2757 si
542 2692 681 2758 honores
709 2696 865 2777 peterem,
901 2691 1089 2778 profuturus

127 2778 209 2843 mibi
230 2782 399 2862 tamquam
421 2780 509 2846 filius
532 2780 656 2848 fuerit?
677 2803 756 2847 num
774 2781 909 2847 dubium
931 2784 990 2863 est,
1013 2779 1090 2863 quin

127 2867 158 2932 si
183 2864 286 2954 (quod
317 2868 415 2954 longa
444 2869 486 2934 ab
515 2869 583 2936 eius
611 2868 720 2935 animo
749 2874 783 2935 et
809 2871 955 2936 moribus
983 2868 1089 2949 abest)

127 2955 293 3039 pulsasset
310 2959 447 3042 patrem,
469 2979 537 3023 non
554 2959 747 3024 iniuriarum
765 2962 894 3024 tantum
912 2959 985 3040 lege
1001 2961 1088 3020 tene·
1107 2968 1142 3017 eo

127 3047 231 3129 retur3
255 3044 284 3109 si
307 3045 486 3130 occidisset,
508 3068 575 3111 non
599 3047 705 3112 caedis
728 3051 855 3112 tantum
875 3048 947 3129 lege
966 3062 1088 3127 poenas

202 3225 218 3274 3
239 3220 337 3275 debuit
354 3224 428 3287 ABb,
446 3220 561 3286 dexxit
577 3224 624 3288 Ba,
643 3236 712 3276 corr.
723 3220 776 3276 sa
790 3222 799 3290 1
814 3226 846 3275 13
860 3217 983 3289 petieras
996 3219 1017 3268 B
1031 3216 1040 3284 11
1056 3219 1088 3266 17

124 3288 412 3364 interrogo<r>1tofl
437 3297 470 3347 18
488 3309 629 3360 quorum
647 3293 872 3359 utrumqueA
899 3289 908 3358 11
936 3292 971 3341 20
989 3286 1090 3342 fuisset

125 3364 167 3417 Aa
192 3363 204 3432 1
230 3367 264 3417 22
287 3365 383 3432 patres
407 3362 482 3418 enim
505 3377 562 3416 non
579 3363 600 3417 t.
618 3364 720 3417 natura
738 3364 768 3415 et
784 3360 836 3414 illo
853 3359 891 3412 in.
911 3357 1091 3415 continentur

124 3435 188 3501 AB,
212 3449 281 3488 corr.
300 3432 359 3513 Ro,
382 3434 523 3500 conferens
545 3437 661 3500 138,11
685 3433 697 3502 1
719 3436 754 3486 24
771 3429 991 3502 videri1rocari
1009 3422 1160 3640 A.

125 3519 183 3558 non
201 3504 293 3574 31129
313 3504 380 3571 quid
398 3506 419 3555 B
470 3571 478 3580 ,
