2392 3862
323 237 644 296 DECLAMATIONES.
663 239 864 299 cconxxvss.
1008 241 1073 307 421

111 406 237 487 patrem
269 405 385 486 potest.
444 401 547 468 Vario
579 405 655 468 sunt
686 403 836 488 ingenie:
872 405 972 491 'salii
1005 405 1074 472 otio

112 491 331 573 delectamur,
368 511 429 574 ego
466 494 573 556 teoum
611 491 762 557 volebam
798 492 988 580 militare.†
1034 516 1075 560 en

111 578 320 663 perrioidam!
367 579 427 644 sub
456 581 573 644 iudicio
603 582 660 644 tuo
688 581 795 645 vivere
822 582 914 647 volo:
946 582 982 647 in
1011 583 1074 649 hoo

112 669 210 732 etiam
244 668 435 734 ambitiosus
469 669 554 753 apud
590 671 642 752 ie,
678 673 786 754 pater,
823 669 946 736 amieos
983 670 1074 736 edhi-

111 757 177 821 bui.
210 756 265 821 sed
287 759 462 840 postquam
485 757 591 822 iussus
616 779 702 840 sum,
725 758 990 843 »obsequendum
1014 762 1108 844 eruo

111 844 255 930 inquam,
277 845 380 930 patri:
405 867 516 910 eamus
540 846 574 910 in
596 844 729 912 bellum.
757 845 834 930 quid
852 847 968 931 habeo,
987 847 1074 933 quod

112 955 172 1019 pro
197 955 248 997 me
272 935 413 1019 timeam,
438 935 466 998 si
485 934 523 998 de
542 935 610 999 filio
629 937 724 1017 pater
739 956 869 1000 securus
889 935 983 1000 θεικ
1006 935 1074 1000 vidi

113 1022 197 1086 elios
222 1022 333 1104 sterni,
357 1023 438 1087 alios
457 1023 575 1108 fugari,
597 1023 766 1103 universos
790 1024 949 1088 exereitus
973 1023 1073 1089 caedi.

116 1109 187 1175 dedi
211 1132 263 1175 me
282 1111 440 1196 perieu103
464 1111 595 1195 subieci,
616 1115 784 1194 tamquam
803 1113 878 1178 vilis
897 1112 987 1195 mihi,
1009 1112 1073 1178 for-

112 1204 223 1263 tunae:
247 1205 279 1264 et
303 1200 385 1283 ideo,
408 1203 496 1284 puto,
519 1200 618 1264 miser
640 1199 713 1266 vici.
740 1205 811 1266 ιιιιιι
829 1222 905 1266 vero
925 1200 959 1265 in
978 1201 1073 1266 aeeti·
1092 1217 1127 1266 10

113 1288 257 1351 motione
279 1289 497 1390 periculorum
521 1311 558 1353 ao
580 1289 763 1392 vulnerum,
786 1289 908 1392 equid?
933 1289 1001 1373 hie,
1023 1289 1073 1353 in·

114 1398 224 1461 quam,
257 1398 352 1442 nemo
380 1377 508 1441 vincere
536 1380 660 1462 potest,
692 1376 757 1441 nisi
779 1378 863 1444 mori
887 1378 1028 1443 voluerit
1033 1376 1073 1441 ιι(

113 1464 227 1528 redii
217 1487 252 1528 m
275 1464 407 1529 domum
429 1469 488 1550 pat
489 1466 548 1530 ris:
575 1466 666 1530 nulla
689 1472 759 1532 eret
781 1465 908 1551 missio,
934 1488 975 1531 ne
997 1469 1074 1550 post

113 1553 284 1618 victoriam
308 1555 446 1638 quidem.
492 1555 543 1619 »si
565 1576 696 1620 neeesse
719 1559 784 1639 esi,
811 1555 1072 1637 moriamur‚1n-

113 1664 224 1725 quam,
258 1643 314 1707 sed
343 1643 444 1709 domi:
477 1644 523 1708 ibi
551 1647 636 1707 uerte
664 1646 722 1726 pai
723 1665 758 1708 er
781 1644 944 1728 sepeliei«
988 1645 1073 1708 inier
1093 1658 1125 1707 15

111 1730 192 1795 haee
215 1734 325 1796 tamen
347 1737 517 1816 paternam
541 1733 747 1798 elementiam
776 1754 910 1817 sperans
933 1731 1074 1817 niueae,

113 1819 255 1905 inquam,
278 1823 336 1904 pai
337 1842 380 1904 er,
403 1820 637 1923 deprehendet:
662 1821 717 1903 qui
739 1821 869 1905 roganti
887 1842 953 1885 non
973 1820 1073 1885 oredi-

113 1906 168 1990 dit,
192 1908 345 1973 morienti
369 1909 504 1973 creden<
542 1910 613 1993 ipse
636 1930 687 1972 me
711 1929 785 1972 oum
808 1929 933 1973 veneno
957 1907 1072 1989 obuli,

111 2000 149 2060 ιιι
178 2018 281 2061 essem
309 1997 512 2061 miserabilis.
560 1996 630 2077 sed,
658 1998 696 2059 ut
723 1996 831 2080 vide0,
859 1995 1072 2061 crudeliorem

112 2084 175 2148 feei
198 2088 255 2168 pat
256 2105 337 2166 rem3
367 2089 400 2150 ei
422 2106 508 2149 nune
529 2085 698 2169 intellego:
726 2084 830 2150 filium
852 2085 959 2169 perire
980 2084 1070 2149 volu·
1090 2097 1125 2148 20

111 2172 181 2256 isti,
205 2194 277 2237 eum
301 2174 335 2237 in
358 2174 459 2239 aciem
482 2173 611 2239 misisii.

180 2258 215 2325 si
242 2282 444 2347 permoneo,
471 2283 629 2328 venenum
657 2261 765 2326 redde:
797 2262 895 2326 licent
917 2260 999 2325 meis
1023 2261 1070 2324 in-

114 2351 303 2414 strumentis
331 2352 423 2416 mori.
477 2350 533 2416 sed
561 2351 714 2415 miserere
742 2350 886 2434 heredis,
918 2349 1071 2414 miserere

112 2437 174 2504 viri
197 2438 305 2504 fortis:
333 2438 453 2505 iudiuio
477 2440 663 2524 impetrem,
686 2439 771 2524 quod
794 2460 853 2523 per
875 2437 997 2504 amieos
1022 2459 1072 2503 ex-

113 2548 205 2592 orere
228 2549 295 2593 non
317 2529 418 2612 potui
1090 2539 1124 2590 25

186 2708 202 2756 2
223 2702 354 2758 volebam
372 2702 500 2758 laborare
521 2701 572 2769 Gr,
591 2698 642 2756 alii
660 2701 717 2756 olio
736 2701 926 2756 delectantur.
945 2718 998 2771 ego
1017 2702 1072 2756 teo.

114 2772 244 2828 volebam
262 2773 386 2856 (vivere,
379 2771 570 2900 nolebam?
577 2773 700 2828 militare
718 2771 779 2839 lu,-
795 2774 855 2842 ipee
872 2777 1038 2828 tentaveram
1056 2770 1072 2804 *

112 2841 184 2926 <ulii
196 2845 338 2926 negotio>
356 2843 407 2899 alii
426 2844 483 2927 otio
502 2844 570 2899 de·
590 2859 643 2914 ego
661 2845 755 2898 teoum
773 2843 905 2900 nole'oem
924 2844 1045 2898 militare
1062 2842 1073 2915 Η

112 2920 128 2969 3
148 2913 222 2968 drero
241 2919 264 2968 Δ
287 2917 296 2986 ιΙ
319 2921 335 2968 8
355 2915 490 2970 exercitos
508 2918 531 2966 Δ
549 2917 558 2986 ΙΙ
577 2921 592 2969 9
611 2931 657 2968 me
675 2930 720 2968 me
738 2915 783 2985 ΒΙΙ
798 2920 831 2969 10
849 2917 910 2970 tom
927 2929 994 2970 vero
1012 2915 1073 2968 ium

112 3001 178 3040 vero
197 2989 227 3053 B
245 2989 306 3040 tam
323 2991 428 3041 verol’
451 2986 460 3056 ss
485 2991 517 3040 13
535 2985 634 3040 redil’
656 2986 667 3055 ΙΙ
691 2990 723 3039 17
727 2983 898 3068 deprendet
916 2986 966 3052 ΔΙ]
988 2989 1023 3038 20
1042 2985 1072 3039 οι

111 3073 169 3111 non
185 3055 236 3112 int.
255 3063 275 3110 Ρ
294 3062 318 3112 et
338 3057 376 3112 Pi
389 3058 398 3127 ιι
414 3062 475 3110 19-
477 3062 517 3110 23
536 3059 569 3110 ιιι
587 3071 677 3110 essem
696 3055 782 3109 miras
800 3071 938 3111 venenum
956 3060 1002 3110 eto
1021 3057 1071 3122 Aa,

113 3127 277 3183 serabilis
264 3146 297 3182 m
319 3133 446 3182 contentu
468 3127 611 3182 verborum
634 3127 770 3182 eructem
788 3128 823 3182 ab
841 3129 895 3193 Ab,
913 3125 1051 3193 reliqua'
1038 3140 1072 3178 m

112 3200 237 3269 marqine
254 3200 386 3267 inferiore
404 3199 543 3268 suppleta,
560 3199 607 3254 sed
620 3199 712 3253 eadem
721 3202 819 3266 postea
832 3198 888 3253 cult
888 3213 919 3250 ro
934 3211 1022 3276 orara,
1040 3200 1072 3249 ut

112 3270 161 3324 viu
184 3270 291 3340 poesim
317 3271 443 3340 riopuloe
470 3271 575 3324 litterae
589 3270 708 3353 'poesim
726 3269 845 3323 discerni
871 3268 880 3336 ΙΙ
907 3273 943 3322 24
963 3264 1006 3322 vir
1024 3269 1047 3317 Δ
1062 3264 1072 3337 li

113 3345 219 3397 24—25
239 3357 395 3396 exorere
413 3343 437 3392 Δ
450 3340 459 3408 ΙΙ
472 3355 523 3409 por
541 3339 645 3394 amieos
663 3339 814 3408 impetrare
833 3338 916 3407 poioi
934 3342 954 3390 B
