2370 3862
120 202 186 257 XIV
492 201 707 256 PRAEFATIO.

119 369 190 410 uam
221 350 432 411 bibliothecam
465 350 595 426 legimus
628 350 660 408 in
691 351 803 409 Blumii
832 351 944 412 Itinere
975 353 1082 415 Italico

122 441 299 530 (Gottingae
326 449 425 523 1834,
455 442 500 505 IV
522 468 551 523 p.
575 450 639 506 227
660 439 727 527 sq).
772 449 837 507 lam
869 451 945 509 illud
977 451 1083 528 incipit

121 545 306 604 simillimum
328 545 393 605 veri
416 544 494 617 fieri,
518 543 710 622 Ohigianum,
734 546 770 604 de
793 565 851 622 quo
876 566 967 623 supra
989 550 1080 610 locut'

122 661 233 719 sumus,
255 643 367 701 librum
392 640 424 715 C,
447 641 628 717 descriptum
652 660 716 701 esse
740 661 776 702 ex
797 644 851 702 illo
871 642 1081 722 Campaniano,

121 739 204 799 cuius
238 739 397 798 manifesto
425 738 463 797 ab
492 737 602 797 eisdem
628 738 728 798 verbis
747 740 867 798 initium
885 735 984 822 suits)
1020 743 1084 803 Nec

118 837 217 897 minus
232 837 266 912 B,
291 836 443 896 artissime
463 854 530 894 cum
546 835 568 895 C
587 837 771 912 coniunctus,
794 856 888 913 prope
906 842 1079 915 contingere

118 935 157 993 ad
178 935 255 994 illud
276 938 364 994 vetus
390 933 542 1008 exemplar
566 933 690 992 videtur.
727 931 812 1002 Quod
835 952 902 992 oum
924 933 1080 995 inventum

118 1033 213 1092 sitin
236 1031 404 1108 Germania,
427 1030 479 1090 ubi
501 1030 569 1088 inde
593 1029 706 1088 abillo
730 1030 866 1105 tempore
889 1032 1005 1090 nullum
1028 1034 1079 1093 ha-

118 1149 186 1188 rum
213 1128 462 1189 declamationum
491 1128 605 1186 certum
633 1127 797 1204 vestigium
825 1131 887 1204 est,
914 1130 1014 1190 nescio
1041 1149 1080 1190 an

118 1228 215 1302 ipsum
241 1226 332 1286 luerit
355 1226 432 1284 illud
447 1224 607 1302 Agricolae
629 1229 735 1285 notum
758 1228 789 1283 et
812 1225 849 1284 ab
870 1244 904 1284 eo
923 1227 1077 1287 laudatum

119 1324 278 1399 exemplar.

184 1421 325 1481 Fortasse
354 1420 434 1478 idem
461 1419 633 1494 deperditus
663 1420 740 1479 liber
761 1423 946 1479 memoratur
969 1423 1000 1480 et
1027 1422 1077 1480 de·

118 1518 259 1577 scribitur
272 1518 364 1576 tertia
383 1517 419 1575 de
439 1516 538 1576 codiee
557 1515 805 1574 declamationum
829 1516 910 1575 facta
927 1519 1078 1579 mentione

7 1642 8 1648 ¹
116 1615 154 1674 ab
175 1634 208 1674 eo
222 1615 274 1690 qui
288 1614 451 1689 principem
466 1614 627 1671 editionem
642 1613 772 1690 curavit,
791 1600 1076 1692 ThadaeoUgoleto

116 1712 280 1787 Parmensi,
295 1713 474 1770 ann01494.
497 1709 555 1779 Qui
565 1711 596 1766 in
611 1708 799 1784 praefatione
811 1728 896 1787 „cum
905 1731 962 1789 me,
972 1712 1077 1790 inquit,

116 1827 308 1884 provocares,
330 1810 365 1866 ut
394 1807 433 1864 M.
461 1806 548 1865 Fabii
577 1804 754 1875 Quintiliani
783 1852 789 1866 .
815 1854 822 1868 .
846 1808 1076 1872 declamationes

117 1906 329 1965 emendarem.
348 1949 356 1965 .
370 1907 424 1962 aut
438 1903 545 1963 saltem
564 1903 796 1979 qualescumque
811 1905 891 1980 apud
909 1924 956 1963 me
976 1914 1077 1967 essent

116 2001 347 2079 impressoribus
367 2001 499 2077 quotidie
520 2001 756 2078 efflagitantibus
771 2003 929 2079 traderem,
940 2048 964 2061 ..
979 2003 1010 2061 in
1020 2005 1076 2066 hoc

116 2120 207 2177 quam
230 2100 369 2160 lubenter
391 2097 543 2176 adquievi,
566 2098 597 2157 in
621 2100 716 2159 altero
740 2099 824 2158 enixe
846 2097 1033 2175 repugnavi“
1046 2147 1075 2162 ..

115 2202 158 2275 et,
182 2217 250 2258 cum
273 2199 369 2257 multa
392 2198 555 2274 depravata
578 2201 679 2258 essent
701 2198 752 2273 „in
770 2196 818 2255 his
836 2195 921 2255 libris
939 2199 1076 2278 corrosis,

186 2350 212 2415 *)
232 2353 282 2402 136
301 2348 417 2415 quidem
436 2347 593 2416 Campanus
612 2347 831 2403 declamationes
851 2351 1002 2418 memorat3
1026 2351 1075 2404 sed

113 2435 166 2474 nec
184 2417 343 2472 Parmensis
368 2416 454 2472 editio
478 2419 572 2486 plures
591 2417 745 2488 promittit,
768 2418 906 2488 neglectis
925 2419 983 2474 illis
1002 2439 1073 2490 quae

113 2491 262 2560 praeterea
289 2487 415 2543 continet
439 2488 650 2544 declamationis
675 2495 753 2544 137⁸⁰
776 2490 916 2559 (10252)
939 2490 1074 2561 reliquiis.

114 2559 195 2625 Quod
218 2561 312 2614 autem
336 2559 521 2629 3601101111
544 2576 689 2615 numerum
713 2561 799 2616 luisse
824 2561 969 2616 contendit
992 2564 1073 2618 etde

113 2629 257 2686 Oalfurnio
276 2631 390 2697 Flacco,
414 2647 470 2685 non
489 2629 652 2701 Calpurnio,
676 2633 803 2702 loquitur
827 2631 933 2700 siquis
952 2633 1074 2688 voluerit

113 2703 144 2755 in
158 2701 354 2771 argumentum
369 2703 469 2756 contra
481 2718 532 2756 nos
547 2702 693 2772 adducere,
707 2704 758 2759 illa
773 2702 877 2758 obicio:
892 2703 1073 2758 1110110011-

112 2789 229 2842 panum,
256 2789 319 2826 cum
343 2787 488 2826 censuram
513 2790 593 2827 suam
616 2776 809 2845 componeret,
836 2771 962 2828 codicem
980 2774 1071 2843 ipsum

112 2859 169 2897 101
183 2858 278 2897 secum
293 2841 423 2897 habuisse
438 2843 488 2898 sed
502 2843 624 2899 scribere
638 2845 673 2900 de
688 2845 764 2914 prius
778 2843 931 2912 aliquando
945 2843 1072 2914 inspecto

113 2915 197 2982 atqua
216 2913 354 2969 facillime
371 2915 414 2969 ita
431 2915 557 2983 potuisse
570 2914 640 2983 fieri,
660 2919 763 2971 utnon
776 2913 860 2968 modo
875 2913 976 2968 calami
989 2915 1072 2984 lapsu

112 2985 162 3038 sed
190 2984 276 3039 etiam
304 2984 454 3041 memoriae
482 3001 576 3041 errore
601 2986 710 3055 aliquid
733 2986 905 3056 peccaretur.
948 2984 1070 3039 Senecae

111 3071 183 3181 rs
196 3054 506 3181 perstitistis
519 3054 675 3180 ttdtt
688 3053 1071 3193 latitabatis

269 3167 276 3193 2

112 3197 196 3266 gatae
226 3198 318 3260 erant;
346 3195 422 3263 quod
445 3212 508 3251 eum
533 3196 674 3266 principes
698 3196 835 3251 editiones
856 3193 912 3249 sint
934 3209 1075 3249 annorum·

115 3272 184 3322 1490
205 3268 234 3321 et
252 3271 336 3335 1492,
354 3266 588 3322 verisimillimum
607 3268 650 3322 est
669 3268 714 3336 (cf.
734 3284 762 3336 p.
780 3265 884 3334 XV**).
921 3263 975 3320 illa
993 3266 1069 3320 deni·

111 3354 165 3406 que
195 3336 323 3392 ‘Antonii
346 3336 460 3393 luliani’
490 3341 519 3393 et
548 3337 785 3407 ‘Extemporanea
810 3334 989 3404 Quintiliani,
1021 3352 1070 3392 no·

110 3408 191 3529 1111111,
200 3410 230 3532 {t
244 3407 343 3463 titulos
358 3409 465 3478 inanes,
484 3408 514 3463 in
528 3409 704 3478 transcriptis
719 3409 799 3465 libris
813 3406 973 3477 desiderari,
986 3423 1069 3463 nemo

92 3492 256 3535 mirarer.
