2392 3862
167 212 234 279 246
533 212 764 281 summum
832 286 835 290 .

542 427 746 498 cccxvss.

347 572 553 658 Imperator
571 562 789 657 'provocatus
812 592 833 640 a
855 573 945 642 filie.

168 697 234 775 Qui
255 717 484 767 rrovoenrus
506 717 552 766 aa
574 715 690 766 nosne
713 717 789 764 nor
810 717 1050 788 ruevnvnvur,
1074 720 1135 770 ca-

253 807 335 855 Plvu
358 807 545 856 ruffinum
588 787 692 854 Filius
719 789 924 873 imperaturis
952 790 994 857 ad
1014 790 1133 860 hostes

130 894 146 943 5
253 879 440 966 transfugit
486 877 674 963 provocavit
705 880 841 962 petrem
886 879 943 944 ille
976 900 1044 965 non
1076 881 1133 948 de·

255 967 381 1034 stendit
403 968 439 1033 in
462 970 625 1033 certamen
647 967 753 1052 solus,
783 968 840 1033 sed
863 968 932 1034 aeie
955 969 1133 1037 commissa

254 1057 333 1122 vieit
362 1057 490 1141 hostes3
516 1056 552 1121 in
581 1077 646 1140 quo
666 1055 795 1141 proelio
819 1061 852 1122 et
873 1057 962 1122 filius
986 1058 1058 1124 eius
1080 1082 1133 1126 ee·

254 1146 343 1211 cidit.
393 1149 576 1226 aecusatur,
609 1145 696 1229 quod
727 1149 923 1229 provocatus
956 1147 998 1212 ab
1031 1147 1131 1217 hoste

253 1256 319 1300 nun
341 1235 544 1321 pugnaverit.

113 1429 146 1478 10
557 1409 730 1477 SERMO.

230 1535 285 1600 An
316 1535 461 1620 quisquis
494 1536 535 1600 ab
562 1536 657 1602 hoste
682 1540 878 1621 provocatus
905 1558 972 1604 non
1000 1562 1129 1627 pugna-

164 1624 261 1707 verit,
288 1624 397 1708 puniri
420 1623 558 1689 debeat?
588 1647 631 1690 an
652 1624 734 1690 haee
755 1627 809 1691 lex
831 1627 872 1692 ad
894 1628 1130 1713 imperatorem

164 1712 351 1888 3332?
374 1732 417 1777 an
437 1712 492 1778 hie
519 1714 561 1778 ab
587 1713 683 1779 hoste
704 1720 900 1799 provocatus
920 1717 985 1782 sit‘?
1009 1741 1051 1786 en
1069 1742 1130 1806 pu·

111 1963 144 2013 15
471 1942 811 2013 DECLAMATIO.

230 2071 302 2150 uui
325 2073 371 2138 ab
394 2072 507 2139 hoste
530 2076 764 2160 provocatus
782 2093 858 2137 non
875 2077 1127 2164 pugnaverit,

167 2163 294 2247 eapite
317 2163 509 2246 puniatur.

229 2250 269 2316 In
310 2252 462 2317 omnibus
503 2251 632 2335 quidem
667 2249 796 2336 legibus
838 2250 943 2316 solem
976 2254 1128 2336 spectari

164 2342 293 2423 oportet
312 2338 484 2404 scribentis
502 2338 716 2405 voluntatem.
739 2339 840 2404 verba
862 2339 949 2404 enim
972 2340 1127 2429 ambigua

111 2441 145 2490 20
164 2431 197 2490 et
225 2427 260 2490 in
288 2427 396 2512 plures
423 2419 608 2491 intellectus
636 2425 733 2491 dueta
761 2432 850 2513 sunt,
883 2428 1127 2498 scribendarum

162 2516 273 2600 legum
296 2536 393 2581 cause
415 2516 566 2580 voluntas
588 2513 659 2580 fuit
704 2533 782 2600 ergo
806 2516 839 2581 id
861 2538 962 2583 unum
985 2522 1128 2605 spectari

165 2603 328 2688 convenit,
359 2605 492 2688 propter
524 2602 611 2688 quod
643 2604 783 2688 scriptae
811 2610 895 2672 sunt.
939 2607 1037 2674 huius
1070 2632 1126 2676 an·

163 2696 231 2757 tem
258 2692 341 2776 legis
371 2691 580 2758 menifestum
612 2697 663 2758 est
694 2693 779 2761 hane
811 2695 1015 2763 voluntatem
1044 2719 1127 2786 esse,

163 2780 211 2846 uti
247 2781 414 2866 puniatur,
457 2782 606 2868 quotiens
644 2784 854 2850 commissum
891 2789 954 2871 est,
990 2791 1126 2872 propter

110 2886 144 2936 as
163 2868 251 2956 quod
281 2870 460 2936 constituta
489 2893 597 2959 poena
628 2876 691 2938 est:
728 2895 962 2958 supervaeuum
995 2878 1126 2962 supple·

80 3040 84 3047 Ι
162 2962 309 3026 mentum
327 2962 385 3025 est.
414 2962 452 3026 ut
470 2963 585 3028 eontra
602 2963 703 3029 verba
724 2964 952 3049 interpretatio
971 2970 1125 3050 sequatur

109 3072 111 3077 ’
163 3048 295 3135 aliquid,
316 3048 499 3134 frequenter
522 3051 664 3118 accidere
687 3055 807 3138 potest,
831 3073 904 3117 eum
926 3053 961 3117 in
985 3053 1060 3120 aliis
1081 3056 1125 3121 le·

163 3139 272 3226 gibus,
304 3141 376 3203 tum
402 3138 436 3204 in
462 3139 524 3205 hau
550 3142 730 3228 praecipue.
775 3141 936 3226 fingemus
965 3143 1052 3209 enim
1082 3145 1122 3210 ab

162 3228 256 3294 hoste
283 3230 493 3312 provocatum
521 3229 663 3315 aliquem
685 3251 833 3316 aegrum,
865 3230 1026 3317 fingamus
1048 3254 1123 3318 pro·

234 3442 251 3490 8
274 3440 421 3495 aecusator
438 3440 489 3509 Au
511 3442 545 3493 20
568 3438 656 3494 dubia
678 3442 743 3496 eunt
765 3441 806 3497 eet
828 3440 893 3497 duci
916 3445 1035 3512 pessunt
1051 3445 1123 3502 euni.

163 3505 217 3563 Seu
230 3509 240 3578 p
253 3513 287 3562 21
307 3509 461 3567 voluntatis
479 3511 543 3580 Aet]
560 3509 590 3564 in
608 3525 658 3567 oen.
676 3514 700 3565 Δ
