<?xml version="1.0" encoding="UTF-8"?>
<!DOCTYPE html PUBLIC "-//W3C//DTD XHTML 1.0 Transitional//EN"
    "http://www.w3.org/TR/xhtml1/DTD/xhtml1-transitional.dtd">
<html xmlns="http://www.w3.org/1999/xhtml" xml:lang="en" lang="en">
 <head>
  <title>
</title>
<meta http-equiv="Content-Type" content="text/html;charset=utf-8" />
  <meta name='ocr-system' content='tesseract 3.04.00' />
  <meta name='ocr-capabilities' content='ocr_page ocr_carea ocr_par ocr_line ocrx_word'/>
</head>
<body>
  <div class='ocr_page' id='page_1' title='image "./mfabiiquintilia00rittgoog_0124.png"; bbox 0 0 2392 3862; ppageno 0'>
   <div class='ocr_carea' id='block_1_1' title="bbox 344 225 1151 293">
    <p class='ocr_par' dir='ltr' id='par_1_1' title="bbox 344 225 1151 293">
     <span class='ocr_line' id='line_1_1' title="bbox 344 225 1151 293; baseline 0.016 -11"><span class='ocrx_word' id='word_1_1' title='bbox 344 226 663 284; x_wconf 78' lang='lat' dir='ltr'><strong>DECLAMATIONES.</strong></span> <span class='ocrx_word' id='word_1_2' title='bbox 682 225 824 284; x_wconf 79' lang='lat' dir='ltr'>CCLXVI.</span> <span class='ocrx_word' id='word_1_3' title='bbox 1021 226 1064 293; x_wconf 81' lang='grc'><strong>85</strong></span> <span class='ocrx_word' id='word_1_4' title='bbox 1148 270 1151 277; x_wconf 89' lang='grc'>-</span> 
     </span>
    </p>
   </div>
   <div class='ocr_carea' id='block_1_2' title="bbox 99 388 1116 1271">
    <p class='ocr_par' dir='ltr' id='par_1_2' title="bbox 99 388 1116 1271">
     <span class='ocr_line' id='line_1_2' title="bbox 103 388 1065 475; baseline 0.002 -21"><span class='ocrx_word' id='word_1_5' title='bbox 103 389 220 474; x_wconf 75' lang='lat' dir='ltr'><strong>exerit,</strong></span> <span class='ocrx_word' id='word_1_6' title='bbox 249 389 324 474; x_wconf 86' lang='lat' dir='ltr'><strong>quie</strong></span> <span class='ocrx_word' id='word_1_7' title='bbox 356 394 453 475; x_wconf 75' lang='lat' dir='ltr'><strong>putat</strong></span> <span class='ocrx_word' id='word_1_8' title='bbox 480 389 587 455; x_wconf 87' lang='lat' dir='ltr'><strong>licere.</strong></span> <span class='ocrx_word' id='word_1_9' title='bbox 630 388 693 455; x_wconf 74' lang='lat' dir='ltr'><strong>rso</strong></span> <span class='ocrx_word' id='word_1_10' title='bbox 719 390 788 454; x_wconf 84' lang='lat' dir='ltr'><strong>sine</strong></span> <span class='ocrx_word' id='word_1_11' title='bbox 815 389 914 455; x_wconf 86' lang='lat' dir='ltr'><strong>dubio</strong></span> <span class='ocrx_word' id='word_1_12' title='bbox 943 393 975 454; x_wconf 78' lang='lat' dir='ltr'><strong>ei</strong></span> <span class='ocrx_word' id='word_1_13' title='bbox 1002 389 1065 456; x_wconf 85' lang='lat' dir='ltr'><strong>hoe</strong></span> 
     </span>
     <span class='ocr_line' id='line_1_3' title="bbox 102 477 1064 565; baseline 0.002 -24"><span class='ocrx_word' id='word_1_14' title='bbox 102 477 211 562; x_wconf 89' lang='lat' dir='ltr'><strong>ipsum</strong></span> <span class='ocrx_word' id='word_1_15' title='bbox 235 477 371 563; x_wconf 78' lang='lat' dir='ltr'><strong>dignum</strong></span> <span class='ocrx_word' id='word_1_16' title='bbox 394 477 478 561; x_wconf 83' lang='lat' dir='ltr'><strong>odio,</strong></span> <span class='ocrx_word' id='word_1_17' title='bbox 499 479 651 565; x_wconf 79' lang='lat' dir='ltr'>persequi</span> <span class='ocrx_word' id='word_1_18' title='bbox 673 477 839 544; x_wconf 87' lang='lat' dir='ltr'><strong>hominem</strong></span> <span class='ocrx_word' id='word_1_19' title='bbox 858 477 999 544; x_wconf 83' lang='lat' dir='ltr'><strong>forfasse</strong></span> <span class='ocrx_word' id='word_1_20' title='bbox 1016 479 1064 543; x_wconf 91' lang='lat' dir='ltr'><strong>in-</strong></span> 
     </span>
     <span class='ocr_line' id='line_1_4' title="bbox 100 566 1065 652; baseline 0.001 -22"><span class='ocrx_word' id='word_1_21' title='bbox 100 566 241 651; x_wconf 76' lang='lat' dir='ltr'><strong>felicem,</strong></span> <span class='ocrx_word' id='word_1_22' title='bbox 269 567 485 633; x_wconf 86' lang='lat' dir='ltr'><strong>verecundum</strong></span> <span class='ocrx_word' id='word_1_23' title='bbox 512 570 612 652; x_wconf 72' lang='lat' dir='ltr'><strong>certe,</strong></span> <span class='ocrx_word' id='word_1_24' title='bbox 640 567 762 651; x_wconf 87' lang='lat' dir='ltr'><strong>†quod</strong></span> <span class='ocrx_word' id='word_1_25' title='bbox 789 568 952 633; x_wconf 88' lang='lat' dir='ltr'><strong>confessus</strong></span> <span class='ocrx_word' id='word_1_26' title='bbox 975 568 1020 632; x_wconf 73' lang='lat' dir='ltr'><strong>sil</strong></span> <span class='ocrx_word' id='word_1_27' title='bbox 1034 569 1065 649; x_wconf 87' lang='lat'><strong>†.</strong></span> 
     </span>
     <span class='ocr_line' id='line_1_5' title="bbox 104 650 1064 740; baseline 0.001 -21"><span class='ocrx_word' id='word_1_28' title='bbox 104 676 181 720; x_wconf 81' lang='lat' dir='ltr'><strong>sene</strong></span> <span class='ocrx_word' id='word_1_29' title='bbox 214 659 380 720; x_wconf 75' lang='lat' dir='ltr'><strong>mereatur</strong></span> <span class='ocrx_word' id='word_1_30' title='bbox 416 655 473 721; x_wconf 91' lang='lat' dir='ltr'><strong>ille</strong></span> <span class='ocrx_word' id='word_1_31' title='bbox 504 677 644 740; x_wconf 80' lang='lat' dir='ltr'><strong>poenam</strong></span> <span class='ocrx_word' id='word_1_32' title='bbox 677 650 879 721; x_wconf 61' lang='lat' dir='ltr'><strong>aleonoram</strong></span> <span class='ocrx_word' id='word_1_33' title='bbox 914 656 1064 720; x_wconf 82' lang='lat' dir='ltr'><strong>menibus</strong></span> 
     </span>
     <span class='ocr_line' id='line_1_6' title="bbox 99 744 1100 829; baseline 0.002 -21"><span class='ocrx_word' id='word_1_34' title='bbox 99 744 166 808; x_wconf 76' lang='lat' dir='ltr'><strong>fuis</strong></span> <span class='ocrx_word' id='word_1_35' title='bbox 180 765 287 829; x_wconf 82' lang='lat' dir='ltr'><strong>perce,</strong></span> <span class='ocrx_word' id='word_1_36' title='bbox 305 765 401 829; x_wconf 83' lang='lat' dir='ltr'><strong>perce</strong></span> <span class='ocrx_word' id='word_1_37' title='bbox 417 744 525 810; x_wconf 82' lang='lat' dir='ltr'><strong>animo</strong></span> <span class='ocrx_word' id='word_1_38' title='bbox 540 750 612 829; x_wconf 69' lang='lat' dir='ltr'><strong>fu03</strong></span> <span class='ocrx_word' id='word_1_39' title='bbox 631 749 688 809; x_wconf 80' lang='lat' dir='ltr'><strong>eul</strong></span> <span class='ocrx_word' id='word_1_40' title='bbox 701 747 788 808; x_wconf 75' lang='lat' dir='ltr'><strong>cerie</strong></span> <span class='ocrx_word' id='word_1_41' title='bbox 801 744 948 828; x_wconf 88' lang='lat' dir='ltr'><strong>relinque</strong></span> <span class='ocrx_word' id='word_1_42' title='bbox 955 745 1062 828; x_wconf 78' lang='lat' dir='ltr'><strong>(non)</strong></span> <span class='ocrx_word' id='word_1_43' title='bbox 1083 759 1100 810; x_wconf 76' lang='lat' dir='ltr'><strong>e</strong></span> 
     </span>
     <span class='ocr_line' id='line_1_7' title="bbox 101 832 1064 918; baseline 0.003 -23"><span class='ocrx_word' id='word_1_44' title='bbox 101 832 197 899; x_wconf 78' lang='lat' dir='ltr'><strong>istius</strong></span> <span class='ocrx_word' id='word_1_45' title='bbox 224 832 444 918; x_wconf 73' lang='lat' dir='ltr'><strong>impudentiae</strong></span> <span class='ocrx_word' id='word_1_46' title='bbox 471 834 586 899; x_wconf 88' lang='lat' dir='ltr'><strong>locum.</strong></span> <span class='ocrx_word' id='word_1_47' title='bbox 631 833 792 917; x_wconf 77' lang='lat' dir='ltr'><strong>respicere</strong></span> <span class='ocrx_word' id='word_1_48' title='bbox 819 832 860 897; x_wconf 78' lang='lat' dir='ltr'><strong>ed</strong></span> <span class='ocrx_word' id='word_1_49' title='bbox 883 832 968 898; x_wconf 79' lang='lat' dir='ltr'><strong>ictus</strong></span> <span class='ocrx_word' id='word_1_50' title='bbox 988 837 1064 898; x_wconf 70' lang='lat' dir='ltr'><strong>‘euos</strong></span> 
     </span>
     <span class='ocr_line' id='line_1_8' title="bbox 102 920 1065 1007; baseline -0.002 -21"><span class='ocrx_word' id='word_1_51' title='bbox 102 921 242 1005; x_wconf 65' lang='lat' dir='ltr'><strong>coegisti</strong></span> <span class='ocrx_word' id='word_1_52' title='bbox 264 925 375 1005; x_wconf 73' lang='lat' dir='ltr'><strong>patres</strong></span> <span class='ocrx_word' id='word_1_53' title='bbox 398 921 546 1007; x_wconf 78' lang='lat' dir='ltr'><strong>fortasse,</strong></span> <span class='ocrx_word' id='word_1_54' title='bbox 570 922 627 1007; x_wconf 91' lang='lat' dir='ltr'><strong>qui</strong></span> <span class='ocrx_word' id='word_1_55' title='bbox 649 926 727 987; x_wconf 81' lang='lat' dir='ltr'><strong>vote</strong></span> <span class='ocrx_word' id='word_1_56' title='bbox 747 920 925 987; x_wconf 74' lang='lat' dir='ltr'><strong>faciebant:</strong></span> <span class='ocrx_word' id='word_1_57' title='bbox 947 921 1065 984; x_wconf 77' lang='lat' dir='ltr'><strong>tumul·</strong></span> 
     </span>
     <span class='ocr_line' id='line_1_9' title="bbox 99 1008 1065 1094; baseline -0.001 -21"><span class='ocrx_word' id='word_1_58' title='bbox 99 1012 199 1074; x_wconf 78' lang='lat' dir='ltr'><strong>fuosa</strong></span> <span class='ocrx_word' id='word_1_59' title='bbox 229 1009 287 1074; x_wconf 78' lang='lat' dir='ltr'><strong>lite</strong></span> <span class='ocrx_word' id='word_1_60' title='bbox 320 1011 427 1094; x_wconf 81' lang='lat' dir='ltr'><strong>alique</strong></span> <span class='ocrx_word' id='word_1_61' title='bbox 453 1011 565 1077; x_wconf 88' lang='lat' dir='ltr'><strong>nescio</strong></span> <span class='ocrx_word' id='word_1_62' title='bbox 603 1032 645 1075; x_wconf 80' lang='lat' dir='ltr'><strong>an</strong></span> <span class='ocrx_word' id='word_1_63' title='bbox 677 1010 776 1076; x_wconf 75' lang='lat' dir='ltr'><strong>eliam</strong></span> <span class='ocrx_word' id='word_1_64' title='bbox 807 1008 942 1094; x_wconf 83' lang='lat' dir='ltr'><strong>publicu</strong></span> <span class='ocrx_word' id='word_1_65' title='bbox 972 1029 1065 1073; x_wconf 80' lang='lat' dir='ltr'><strong>secra</strong></span> 
     </span>
     <span class='ocr_line' id='line_1_10' title="bbox 102 1097 1066 1184; baseline 0 -23"><span class='ocrx_word' id='word_1_66' title='bbox 102 1097 252 1163; x_wconf 76' lang='lat' dir='ltr'><strong>turbasti.</strong></span> <span class='ocrx_word' id='word_1_67' title='bbox 298 1098 461 1184; x_wconf 86' lang='lat' dir='ltr'><strong>quomodo</strong></span> <span class='ocrx_word' id='word_1_68' title='bbox 490 1100 579 1164; x_wconf 89' lang='lat' dir='ltr'><strong>enim</strong></span> <span class='ocrx_word' id='word_1_69' title='bbox 601 1099 755 1165; x_wconf 82' lang='lat' dir='ltr'><strong>cecidisse</strong></span> <span class='ocrx_word' id='word_1_70' title='bbox 777 1103 811 1164; x_wconf 80' lang='lat' dir='ltr'><strong>fe</strong></span> <span class='ocrx_word' id='word_1_71' title='bbox 834 1098 1066 1182; x_wconf 80' lang='lat' dir='ltr'><strong>existimemus,</strong></span> 
     </span>
     <span class='ocr_line' id='line_1_11' title="bbox 100 1186 1116 1271; baseline 0.002 -22"><span class='ocrx_word' id='word_1_72' title='bbox 100 1186 156 1270; x_wconf 87' lang='lat' dir='ltr'><strong>qui</strong></span> <span class='ocrx_word' id='word_1_73' title='bbox 178 1186 320 1252; x_wconf 77' lang='lat' dir='ltr'><strong>faciebas</strong></span> <span class='ocrx_word' id='word_1_74' title='bbox 343 1187 406 1253; x_wconf 89' lang='lat' dir='ltr'><strong>hoe</strong></span> <span class='ocrx_word' id='word_1_75' title='bbox 428 1191 596 1271; x_wconf 79' lang='lat' dir='ltr'>tamquam</span> <span class='ocrx_word' id='word_1_76' title='bbox 619 1187 752 1255; x_wconf 78' lang='lat' dir='ltr'><strong>liceret?</strong></span> <span class='ocrx_word' id='word_1_77' title='bbox 1017 1232 1023 1239; x_wconf 90' lang='lat'>-</span> <span class='ocrx_word' id='word_1_78' title='bbox 1084 1202 1116 1251; x_wconf 83' lang='lat' dir='ltr'><strong>ro</strong></span> 
     </span>
    </p>
   </div>
   <div class='ocr_carea' id='block_1_3' title="bbox 309 1450 854 1658">
    <p class='ocr_par' dir='ltr' id='par_1_3' title="bbox 309 1450 854 1658">
     <span class='ocr_line' id='line_1_12' title="bbox 488 1450 674 1518; baseline 0 0"><span class='ocrx_word' id='word_1_79' title='bbox 488 1450 674 1518; x_wconf 73' lang='lat' dir='ltr'><strong>cenxvl.</strong></span> 
     </span>
     <span class='ocr_line' id='line_1_13' title="bbox 309 1573 854 1658; baseline 0.002 -16"><span class='ocrx_word' id='word_1_80' title='bbox 309 1574 368 1642; x_wconf 83' lang='lat' dir='ltr'><strong>llx</strong></span> <span class='ocrx_word' id='word_1_81' title='bbox 391 1573 578 1658; x_wconf 77' lang='lat' dir='ltr'><strong>proditore</strong></span> <span class='ocrx_word' id='word_1_82' title='bbox 601 1574 708 1641; x_wconf 88' lang='lat' dir='ltr'><strong>exule</strong></span> <span class='ocrx_word' id='word_1_83' title='bbox 731 1574 854 1643; x_wconf 80' lang='lat' dir='ltr'><strong>fortis.</strong></span> 
     </span>
    </p>
   </div>
   <div class='ocr_carea' id='block_1_4' title="bbox 16 1716 1115 2331">
    <p class='ocr_par' dir='ltr' id='par_1_4' title="bbox 16 1716 1115 2331">
     <span class='ocr_line' id='line_1_14' title="bbox 100 1716 1063 1803; baseline 0.001 -21"><span class='ocrx_word' id='word_1_84' title='bbox 100 1716 164 1783; x_wconf 78' lang='lat' dir='ltr'><strong>ns</strong></span> <span class='ocrx_word' id='word_1_85' title='bbox 185 1736 233 1782; x_wconf 82' lang='lat' dir='ltr'><strong>nn</strong></span> <span class='ocrx_word' id='word_1_86' title='bbox 256 1736 379 1784; x_wconf 79' lang='lat' dir='ltr'><strong>nrnnu</strong></span> <span class='ocrx_word' id='word_1_87' title='bbox 401 1736 447 1783; x_wconf 80' lang='lat' dir='ltr'><strong>ren</strong></span> <span class='ocrx_word' id='word_1_88' title='bbox 471 1737 588 1785; x_wconf 77' lang='lat' dir='ltr'><strong>renes</strong></span> <span class='ocrx_word' id='word_1_89' title='bbox 613 1737 660 1784; x_wconf 79' lang='lat' dir='ltr'><strong>un</strong></span> <span class='ocrx_word' id='word_1_90' title='bbox 683 1736 823 1784; x_wconf 69' lang='lat' dir='ltr'><strong>menen.</strong></span> <span class='ocrx_word' id='word_1_91' title='bbox 862 1717 902 1782; x_wconf 90' lang='lat' dir='ltr'><strong>In</strong></span> <span class='ocrx_word' id='word_1_92' title='bbox 925 1719 1063 1803; x_wconf 79' lang='lat' dir='ltr'><strong>quadem</strong></span> 
     </span>
     <span class='ocr_line' id='line_1_15' title="bbox 190 1807 1063 1893; baseline -0.001 -21"><span class='ocrx_word' id='word_1_93' title='bbox 190 1808 323 1873; x_wconf 72' lang='lat' dir='ltr'><strong>civitate</strong></span> <span class='ocrx_word' id='word_1_94' title='bbox 359 1807 555 1893; x_wconf 78' lang='lat' dir='ltr'><strong>proditionis</strong></span> <span class='ocrx_word' id='word_1_95' title='bbox 591 1808 762 1874; x_wconf 77' lang='lat' dir='ltr'><strong>damnatus</strong></span> <span class='ocrx_word' id='word_1_96' title='bbox 795 1807 914 1872; x_wconf 88' lang='lat' dir='ltr'><strong>missus</strong></span> <span class='ocrx_word' id='word_1_97' title='bbox 947 1812 998 1873; x_wconf 76' lang='lat' dir='ltr'><strong>erl</strong></span> <span class='ocrx_word' id='word_1_98' title='bbox 1029 1808 1063 1871; x_wconf 92' lang='lat' dir='ltr'><strong>in</strong></span> 
     </span>
     <span class='ocr_line' id='line_1_16' title="bbox 189 1896 1115 1962; baseline -0.002 -3"><span class='ocrx_word' id='word_1_99' title='bbox 189 1896 330 1961; x_wconf 86' lang='lat' dir='ltr'><strong>exilium.</strong></span> <span class='ocrx_word' id='word_1_100' title='bbox 376 1896 464 1961; x_wconf 90' lang='lat' dir='ltr'><strong>bello</strong></span> <span class='ocrx_word' id='word_1_101' title='bbox 488 1897 601 1961; x_wconf 86' lang='lat' dir='ltr'><strong>eedem</strong></span> <span class='ocrx_word' id='word_1_102' title='bbox 626 1897 759 1962; x_wconf 67' lang='lat' dir='ltr'><strong>unitate</strong></span> <span class='ocrx_word' id='word_1_103' title='bbox 783 1896 953 1960; x_wconf 79' lang='lat' dir='ltr'><strong>laboranfe</strong></span> <span class='ocrx_word' id='word_1_104' title='bbox 972 1916 1062 1959; x_wconf 84' lang='lat' dir='ltr'><strong>revo-</strong></span> <span class='ocrx_word' id='word_1_105' title='bbox 1082 1906 1115 1957; x_wconf 79' lang='lat'><strong>15</strong></span> 
     </span>
     <span class='ocr_line' id='line_1_17' title="bbox 16 1983 1063 2069; baseline 0 -22"><span class='ocrx_word' id='word_1_106' title='bbox 16 2014 26 2031; x_wconf 91' lang='lat'><strong>·</strong></span> <span class='ocrx_word' id='word_1_107' title='bbox 59 2012 64 2023; x_wconf 62' lang='lat'><strong><em>¹</em></strong></span> <span class='ocrx_word' id='word_1_108' title='bbox 190 1985 254 2048; x_wconf 78' lang='lat' dir='ltr'><strong>cufi</strong></span> <span class='ocrx_word' id='word_1_109' title='bbox 278 1990 355 2050; x_wconf 77' lang='lat' dir='ltr'><strong>sunl</strong></span> <span class='ocrx_word' id='word_1_110' title='bbox 378 1984 496 2048; x_wconf 87' lang='lat' dir='ltr'><strong>exules.</strong></span> <span class='ocrx_word' id='word_1_111' title='bbox 532 1986 570 2069; x_wconf 91' lang='lat' dir='ltr'><strong>is,</strong></span> <span class='ocrx_word' id='word_1_112' title='bbox 594 1985 650 2068; x_wconf 92' lang='lat' dir='ltr'><strong>qui</strong></span> <span class='ocrx_word' id='word_1_113' title='bbox 672 1985 868 2067; x_wconf 77' lang='lat' dir='ltr'><strong>proditionis</strong></span> <span class='ocrx_word' id='word_1_114' title='bbox 891 1983 1063 2048; x_wconf 74' lang='lat' dir='ltr'><strong>damnatus</strong></span> 
     </span>
     <span class='ocr_line' id='line_1_18' title="bbox 190 2071 1063 2154; baseline 0.003 -21"><span class='ocrx_word' id='word_1_115' title='bbox 190 2071 306 2153; x_wconf 71' lang='lat' dir='ltr'><strong>fueret,</strong></span> <span class='ocrx_word' id='word_1_116' title='bbox 331 2072 462 2136; x_wconf 81' lang='lat' dir='ltr'><strong>fortiter</strong></span> <span class='ocrx_word' id='word_1_117' title='bbox 484 2071 570 2135; x_wconf 74' lang='lat' dir='ltr'><strong>feeit.</strong></span> <span class='ocrx_word' id='word_1_118' title='bbox 614 2072 708 2154; x_wconf 79' lang='lat' dir='ltr'><strong>petil,</strong></span> <span class='ocrx_word' id='word_1_119' title='bbox 731 2075 768 2135; x_wconf 80' lang='lat' dir='ltr'><strong>ul</strong></span> <span class='ocrx_word' id='word_1_120' title='bbox 791 2071 909 2136; x_wconf 79' lang='lat' dir='ltr'><strong>ilerum</strong></span> <span class='ocrx_word' id='word_1_121' title='bbox 933 2092 1063 2136; x_wconf 70' lang='lat' dir='ltr'><strong>eausam</strong></span> 
     </span>
     <span class='ocr_line' id='line_1_19' title="bbox 192 2158 1063 2244; baseline 0.002 -23"><span class='ocrx_word' id='word_1_122' title='bbox 192 2179 284 2223; x_wconf 84' lang='lat' dir='ltr'><strong>suurn</strong></span> <span class='ocrx_word' id='word_1_123' title='bbox 308 2162 393 2244; x_wconf 76' lang='lat' dir='ltr'>agat.</span> <span class='ocrx_word' id='word_1_124' title='bbox 427 2162 594 2223; x_wconf 74' lang='lat' dir='ltr'><strong>accusator</strong></span> <span class='ocrx_word' id='word_1_125' title='bbox 616 2158 819 2242; x_wconf 77' lang='lat' dir='ltr'><strong>praescribit,</strong></span> <span class='ocrx_word' id='word_1_126' title='bbox 842 2159 927 2242; x_wconf 89' lang='lat' dir='ltr'><strong>quod</strong></span> <span class='ocrx_word' id='word_1_127' title='bbox 950 2158 1001 2223; x_wconf 91' lang='lat' dir='ltr'><strong>bis</strong></span> <span class='ocrx_word' id='word_1_128' title='bbox 1024 2159 1063 2223; x_wconf 90' lang='lat' dir='ltr'><strong>de</strong></span> 
     </span>
     <span class='ocr_line' id='line_1_20' title="bbox 194 2247 704 2331; baseline 0.004 -21"><span class='ocrx_word' id='word_1_129' title='bbox 194 2247 305 2311; x_wconf 80' lang='lat' dir='ltr'><strong>eadem</strong></span> <span class='ocrx_word' id='word_1_130' title='bbox 328 2268 362 2312; x_wconf 93' lang='lat' dir='ltr'><strong>re</strong></span> <span class='ocrx_word' id='word_1_131' title='bbox 387 2266 485 2331; x_wconf 79' lang='lat' dir='ltr'><strong>agere</strong></span> <span class='ocrx_word' id='word_1_132' title='bbox 508 2268 576 2312; x_wconf 88' lang='lat' dir='ltr'><strong>non</strong></span> <span class='ocrx_word' id='word_1_133' title='bbox 598 2247 704 2313; x_wconf 78' lang='lat' dir='ltr'><strong>liceat.</strong></span> 
     </span>
    </p>
   </div>
   <div class='ocr_carea' id='block_1_5' title="bbox 496 2457 1177 2525">
    <p class='ocr_par' dir='ltr' id='par_1_5' title="bbox 496 2457 1177 2525">
     <span class='ocr_line' id='line_1_21' title="bbox 496 2457 1177 2525; baseline 0 -1"><span class='ocrx_word' id='word_1_134' title='bbox 496 2457 669 2525; x_wconf 80' lang='lat' dir='ltr'><strong>SERMO.</strong></span> <span class='ocrx_word' id='word_1_135' title='bbox 1079 2477 1113 2524; x_wconf 77' lang='lat' dir='ltr'><strong>eo</strong></span> <span class='ocrx_word' id='word_1_136' title='bbox 1174 2503 1177 2507; x_wconf 61' lang='grc'><strong><em>«</em></strong></span> 
     </span>
    </p>
   </div>
   <div class='ocr_carea' id='block_1_6' title="bbox 55 2597 1113 3127">
    <p class='ocr_par' dir='ltr' id='par_1_6' title="bbox 55 2597 1113 3127">
     <span class='ocr_line' id='line_1_22' title="bbox 164 2597 1062 2684; baseline 0.003 -22"><span class='ocrx_word' id='word_1_137' title='bbox 164 2597 265 2678; x_wconf 74' lang='lat' dir='ltr'><strong>Initia</strong></span> <span class='ocrx_word' id='word_1_138' title='bbox 288 2599 473 2664; x_wconf 80' lang='lat' dir='ltr'><strong>eommunis</strong></span> <span class='ocrx_word' id='word_1_139' title='bbox 495 2599 595 2665; x_wconf 75' lang='lat' dir='ltr'><strong>hebel</strong></span> <span class='ocrx_word' id='word_1_140' title='bbox 618 2600 851 2665; x_wconf 78' lang='lat' dir='ltr'><strong>controversie:</strong></span> <span class='ocrx_word' id='word_1_141' title='bbox 881 2601 1062 2684; x_wconf 83' lang='lat' dir='ltr'><strong>praemium</strong></span> 
     </span>
     <span class='ocr_line' id='line_1_23' title="bbox 55 2688 1063 2773; baseline 0.003 -22"><span class='ocrx_word' id='word_1_142' title='bbox 55 2718 61 2733; x_wconf 83' lang='lat'><strong>·</strong></span> <span class='ocrx_word' id='word_1_143' title='bbox 98 2691 175 2773; x_wconf 81' lang='lat' dir='ltr'><strong>peto</strong></span> <span class='ocrx_word' id='word_1_144' title='bbox 198 2688 270 2772; x_wconf 80' lang='lat' dir='ltr'><strong>lege</strong></span> <span class='ocrx_word' id='word_1_145' title='bbox 294 2709 481 2753; x_wconf 84' lang='lat' dir='ltr'><strong>eoncessum</strong></span> <span class='ocrx_word' id='word_1_146' title='bbox 505 2688 574 2752; x_wconf 85' lang='lat' dir='ltr'><strong>sine</strong></span> <span class='ocrx_word' id='word_1_147' title='bbox 596 2689 793 2772; x_wconf 76' lang='lat' dir='ltr'><strong>exceptione.</strong></span> <span class='ocrx_word' id='word_1_148' title='bbox 829 2693 1008 2772; x_wconf 73' lang='lat' dir='ltr'><strong>sequuntur</strong></span> <span class='ocrx_word' id='word_1_149' title='bbox 1030 2693 1063 2754; x_wconf 82' lang='lat' dir='ltr'><strong>et</strong></span> 
     </span>
     <span class='ocr_line' id='line_1_24' title="bbox 99 2776 1062 2862; baseline -0.001 -20"><span class='ocrx_word' id='word_1_150' title='bbox 99 2776 171 2854; x_wconf 82' lang='lat' dir='ltr'><strong>ills,</strong></span> <span class='ocrx_word' id='word_1_151' title='bbox 204 2780 240 2840; x_wconf 79' lang='lat' dir='ltr'><strong>ul</strong></span> <span class='ocrx_word' id='word_1_152' title='bbox 269 2776 391 2840; x_wconf 81' lang='lat' dir='ltr'><strong>iustum</strong></span> <span class='ocrx_word' id='word_1_153' title='bbox 420 2797 549 2861; x_wconf 90' lang='lat' dir='ltr'><strong>quoque</strong></span> <span class='ocrx_word' id='word_1_154' title='bbox 577 2777 634 2860; x_wconf 78' lang='lat' dir='ltr'><strong>sil,</strong></span> <span class='ocrx_word' id='word_1_155' title='bbox 661 2777 767 2842; x_wconf 83' lang='lat' dir='ltr'><strong>virum</strong></span> <span class='ocrx_word' id='word_1_156' title='bbox 796 2776 916 2841; x_wconf 77' lang='lat' dir='ltr'><strong>fortem</strong></span> <span class='ocrx_word' id='word_1_157' title='bbox 939 2781 1062 2862; x_wconf 80' lang='lat' dir='ltr'><strong>optare,</strong></span> 
     </span>
     <span class='ocr_line' id='line_1_25' title="bbox 99 2863 1062 2949; baseline 0.003 -21"><span class='ocrx_word' id='word_1_158' title='bbox 99 2863 184 2947; x_wconf 87' lang='lat' dir='ltr'><strong>quod</strong></span> <span class='ocrx_word' id='word_1_159' title='bbox 217 2864 306 2930; x_wconf 73' lang='lat' dir='ltr'><strong>velit.</strong></span> <span class='ocrx_word' id='word_1_160' title='bbox 352 2865 491 2930; x_wconf 81' lang='lat' dir='ltr'><strong>seeundo</strong></span> <span class='ocrx_word' id='word_1_161' title='bbox 517 2864 577 2929; x_wconf 87' lang='lat' dir='ltr'><strong>ille</strong></span> <span class='ocrx_word' id='word_1_162' title='bbox 603 2865 752 2949; x_wconf 81' lang='lat' dir='ltr'><strong>quaestio</strong></span> <span class='ocrx_word' id='word_1_163' title='bbox 781 2870 843 2949; x_wconf 78' lang='lat' dir='ltr'><strong>est,</strong></span> <span class='ocrx_word' id='word_1_164' title='bbox 876 2887 918 2928; x_wconf 81' lang='lat' dir='ltr'><strong>an</strong></span> <span class='ocrx_word' id='word_1_165' title='bbox 948 2869 1062 2931; x_wconf 76' lang='lat' dir='ltr'><strong>contre</strong></span> 
     </span>
     <span class='ocr_line' id='line_1_26' title="bbox 96 2952 1113 3039; baseline 0.001 -22"><span class='ocrx_word' id='word_1_166' title='bbox 96 2952 203 3037; x_wconf 83' lang='lat' dir='ltr'><strong>legem</strong></span> <span class='ocrx_word' id='word_1_167' title='bbox 230 2957 344 3038; x_wconf 77' lang='lat' dir='ltr'><strong>optare</strong></span> <span class='ocrx_word' id='word_1_168' title='bbox 372 2952 492 3019; x_wconf 80' lang='lat' dir='ltr'><strong>liceat?</strong></span> <span class='ocrx_word' id='word_1_169' title='bbox 528 2953 563 3017; x_wconf 89' lang='lat' dir='ltr'><strong>in</strong></span> <span class='ocrx_word' id='word_1_170' title='bbox 591 2975 655 3038; x_wconf 84' lang='lat' dir='ltr'><strong>que</strong></span> <span class='ocrx_word' id='word_1_171' title='bbox 676 2952 756 3018; x_wconf 84' lang='lat' dir='ltr'><strong>illud</strong></span> <span class='ocrx_word' id='word_1_172' title='bbox 780 2953 884 3019; x_wconf 76' lang='lat' dir='ltr'><strong>(licere</strong></span> <span class='ocrx_word' id='word_1_173' title='bbox 909 2954 1060 3039; x_wconf 85' lang='lat' dir='ltr'><strong>solemus,</strong></span> <span class='ocrx_word' id='word_1_174' title='bbox 1079 2969 1113 3018; x_wconf 80' lang='lat'><strong>25</strong></span> 
     </span>
     <span class='ocr_line' id='line_1_27' title="bbox 95 3040 1061 3127; baseline 0.001 -22"><span class='ocrx_word' id='word_1_175' title='bbox 95 3040 225 3107; x_wconf 76' lang='lat' dir='ltr'><strong>nullum</strong></span> <span class='ocrx_word' id='word_1_176' title='bbox 246 3042 427 3125; x_wconf 82' lang='lat' dir='ltr'><strong>praemium</strong></span> <span class='ocrx_word' id='word_1_177' title='bbox 450 3062 547 3126; x_wconf 88' lang='lat' dir='ltr'><strong>posse</strong></span> <span class='ocrx_word' id='word_1_178' title='bbox 573 3040 725 3127; x_wconf 82' lang='lat' dir='ltr'><strong>inveniri,</strong></span> <span class='ocrx_word' id='word_1_179' title='bbox 753 3043 836 3127; x_wconf 92' lang='lat' dir='ltr'><strong>quod</strong></span> <span class='ocrx_word' id='word_1_180' title='bbox 860 3063 926 3107; x_wconf 89' lang='lat' dir='ltr'><strong>non</strong></span> <span class='ocrx_word' id='word_1_181' title='bbox 949 3045 1061 3106; x_wconf 78' lang='lat' dir='ltr'><strong>contre</strong></span> 
     </span>
    </p>
   </div>
   <div class='ocr_carea' id='block_1_7' title="bbox 92 3213 1061 3568">
    <p class='ocr_par' dir='ltr' id='par_1_7' title="bbox 92 3213 1061 3568">
     <span class='ocr_line' id='line_1_28' title="bbox 170 3213 1060 3285; baseline 0.003 -17"><span class='ocrx_word' id='word_1_182' title='bbox 170 3221 248 3269; x_wconf 81' lang='grc'><strong>1-3</strong></span> <span class='ocrx_word' id='word_1_183' title='bbox 282 3214 382 3271; x_wconf 77' lang='lat' dir='ltr'><strong>Nescio</strong></span> <span class='ocrx_word' id='word_1_184' title='bbox 407 3233 446 3271; x_wconf 78' lang='lat' dir='ltr'><strong>ao</strong></span> <span class='ocrx_word' id='word_1_185' title='bbox 472 3215 610 3271; x_wconf 71' lang='lat' dir='ltr'><strong>*forfuse</strong></span> <span class='ocrx_word' id='word_1_186' title='bbox 638 3217 839 3285; x_wconf 86' lang='lat' dir='ltr'><strong>verecundum,</strong></span> <span class='ocrx_word' id='word_1_187' title='bbox 866 3213 1009 3269; x_wconf 81' lang='lat' dir='ltr'><strong>infelicem</strong></span> <span class='ocrx_word' id='word_1_188' title='bbox 1036 3232 1060 3271; x_wconf 87' lang='lat' dir='ltr'><strong>e.</strong></span> 
     </span>
     <span class='ocr_line' id='line_1_29' title="bbox 95 3286 1061 3356; baseline 0 -14"><span class='ocrx_word' id='word_1_189' title='bbox 95 3290 191 3356; x_wconf 63' lang='lat' dir='ltr'><strong>postea</strong></span> <span class='ocrx_word' id='word_1_190' title='bbox 213 3286 329 3354; x_wconf 64' lang='lat' dir='ltr'><strong>tortam</strong></span> <span class='ocrx_word' id='word_1_191' title='bbox 351 3286 426 3354; x_wconf 85' lang='lat' dir='ltr'><strong>quod</strong></span> <span class='ocrx_word' id='word_1_192' title='bbox 449 3287 606 3342; x_wconf 86' lang='lat' dir='ltr'><strong>confessum</strong></span> <span class='ocrx_word' id='word_1_193' title='bbox 630 3287 667 3341; x_wconf 78' lang='lat' dir='ltr'><strong>sil</strong></span> <span class='ocrx_word' id='word_1_194' title='bbox 689 3287 730 3342; x_wconf 79' lang='lat' dir='ltr'><strong>cel</strong></span> <span class='ocrx_word' id='word_1_195' title='bbox 750 3289 833 3340; x_wconf 77' lang='lat' dir='ltr'><strong>certe.</strong></span> <span class='ocrx_word' id='word_1_196' title='bbox 852 3289 881 3340; x_wconf 83' lang='lat' dir='ltr'><strong>e&#39;e</strong></span> <span class='ocrx_word' id='word_1_197' title='bbox 900 3300 1061 3342; x_wconf 88' lang='lat' dir='ltr'><strong>concessum</strong></span> 
     </span>
     <span class='ocr_line' id='line_1_30' title="bbox 96 3354 1060 3429; baseline -0.001 -18"><span class='ocrx_word' id='word_1_198' title='bbox 96 3354 135 3411; x_wconf 76' lang='lat' dir='ltr'><strong>eit</strong></span> <span class='ocrx_word' id='word_1_199' title='bbox 153 3372 231 3412; x_wconf 81' lang='lat' dir='ltr'><strong>sene:</strong></span> <span class='ocrx_word' id='word_1_200' title='bbox 249 3358 390 3412; x_wconf 74' lang='lat' dir='ltr'><strong>mereaeur</strong></span> <span class='ocrx_word' id='word_1_201' title='bbox 417 3358 426 3426; x_wconf 89' lang='grc' dir='ltr'><strong>ΙΙ</strong></span> <span class='ocrx_word' id='word_1_202' title='bbox 455 3359 519 3412; x_wconf 76' lang='lat' dir='ltr'><strong>let</strong></span> <span class='ocrx_word' id='word_1_203' title='bbox 536 3356 597 3412; x_wconf 89' lang='lat' dir='ltr'><strong>sine</strong></span> <span class='ocrx_word' id='word_1_204' title='bbox 611 3357 677 3413; x_wconf 74' lang='lat' dir='ltr'><strong>d.B</strong></span> <span class='ocrx_word' id='word_1_205' title='bbox 701 3359 711 3428; x_wconf 77' lang='grc' dir='ltr'><strong>ΙΙ</strong></span> <span class='ocrx_word' id='word_1_206' title='bbox 734 3363 851 3425; x_wconf 75' lang='lat' dir='ltr'><strong>eperce</strong></span> <span class='ocrx_word' id='word_1_207' title='bbox 870 3355 992 3424; x_wconf 54' lang='lat' dir='ltr'><strong>(ultione</strong></span> <span class='ocrx_word' id='word_1_208' title='bbox 1012 3361 1033 3410; x_wconf 80' lang='lat' dir='ltr'>B</span> <span class='ocrx_word' id='word_1_209' title='bbox 1051 3360 1060 3429; x_wconf 66' lang='lat' dir='ltr'><strong>ll</strong></span> 
     </span>
     <span class='ocr_line' id='line_1_31' title="bbox 95 3425 1061 3502; baseline 0 -19"><span class='ocrx_word' id='word_1_210' title='bbox 95 3428 171 3483; x_wconf 75' lang='lat' dir='ltr'><strong>certe</strong></span> <span class='ocrx_word' id='word_1_211' title='bbox 189 3427 201 3481; x_wconf 97' lang='lat' dir='ltr'><strong>l</strong></span> <span class='ocrx_word' id='word_1_212' title='bbox 218 3427 344 3495; x_wconf 89' lang='lat' dir='ltr'><strong>relinque</strong></span> <span class='ocrx_word' id='word_1_213' title='bbox 363 3432 386 3479; x_wconf 86' lang='grc' dir='ltr'><strong>Δ</strong></span> <span class='ocrx_word' id='word_1_214' title='bbox 409 3431 418 3498; x_wconf 83' lang='grc' dir='ltr'><strong>ΙΙ</strong></span> <span class='ocrx_word' id='word_1_215' title='bbox 440 3425 538 3502; x_wconf 80' lang='lat' dir='ltr'><strong>(non)</strong></span> <span class='ocrx_word' id='word_1_216' title='bbox 555 3427 600 3483; x_wconf 84' lang='lat' dir='ltr'><strong>Ro</strong></span> <span class='ocrx_word' id='word_1_217' title='bbox 622 3429 631 3498; x_wconf 76' lang='lat' dir='ltr'><strong>{l</strong></span> <span class='ocrx_word' id='word_1_218' title='bbox 658 3434 674 3482; x_wconf 76' lang='grc' dir='ltr'>ὅ</span> <span class='ocrx_word' id='word_1_219' title='bbox 693 3427 821 3482; x_wconf 75' lang='lat' dir='ltr'><strong>addictos</strong></span> <span class='ocrx_word' id='word_1_220' title='bbox 840 3431 880 3479; x_wconf 76' lang='grc' dir='ltr'><strong>Δι</strong></span> <span class='ocrx_word' id='word_1_221' title='bbox 902 3428 912 3496; x_wconf 87' lang='lat' dir='ltr'><strong>l</strong></span> <span class='ocrx_word' id='word_1_222' title='bbox 941 3433 973 3480; x_wconf 87' lang='grc'><strong>19</strong></span> <span class='ocrx_word' id='word_1_223' title='bbox 992 3427 1061 3483; x_wconf 79' lang='lat' dir='ltr'><strong>licet</strong></span> 
     </span>
     <span class='ocr_line' id='line_1_32' title="bbox 92 3497 488 3568; baseline -0.008 -15"><span class='ocrx_word' id='word_1_224' title='bbox 92 3497 190 3568; x_wconf 59' lang='lat' dir='ltr'><strong>Alie</strong></span> <span class='ocrx_word' id='word_1_225' title='bbox 209 3513 285 3554; x_wconf 90' lang='lat' dir='ltr'><strong>cone.</strong></span> <span class='ocrx_word' id='word_1_226' title='bbox 305 3498 425 3553; x_wconf 75' lang='lat' dir='ltr'><strong>estsine</strong></span> <span class='ocrx_word' id='word_1_227' title='bbox 443 3502 488 3550; x_wconf 79' lang='lat' dir='ltr'><strong>Bc</strong></span> 
     </span>
    </p>
   </div>
   <div class='ocr_carea' id='block_1_8' title="bbox 0 0 1200 3862">
    <p class='ocr_par' dir='ltr' id='par_1_8' title="bbox 0 0 1200 3862">
     <span class='ocr_line' id='line_1_33' title="bbox 0 0 1200 3862; baseline 0 1"><span class='ocrx_word' id='word_1_228' title='bbox 0 0 1200 3862; x_wconf 95' lang='lat' dir='ltr'><strong> </strong></span> 
     </span>
    </p>
   </div>
  </div>
 </body>
</html>
