2392 3862
490 233 707 289 PRAEFATIO.
1038 236 1078 290 XI

114 381 243 458 scriptio
259 384 328 458 post
342 382 432 441 finem
447 382 672 442 declamationis
688 386 751 444 388
768 377 832 465 (fol.
848 387 887 445 81
904 378 948 466 v.)
964 386 1076 459 eadem,

112 478 194 540 idem
206 477 362 554 Calpurnii
372 479 622 539 declamationum
632 499 784 557 uumerus,
799 483 908 541 similia
917 474 1076 562 (151905.)

111 576 223 635 ultima
245 576 339 635 verba
362 575 512 651 „Explicit
535 595 571 633 ex
589 575 750 652 Calpurnio
769 578 875 639 Flacco
895 574 1077 655 excerptae.“

180 671 315 733 Collatus
330 673 361 731 in
377 692 478 732 meum
490 691 580 732 usum
595 677 665 732 sunt
674 674 878 735 intercedente
888 677 1076 752 perofficiose

110 768 253 847 Augusto
263 769 344 845 Mau,
358 769 393 828 V.
405 768 445 846 0.,
460 769 636 831 declamatio
647 771 711 830 252
723 763 884 851 (quantum
893 774 957 833 eius
969 793 1070 849 super-

111 862 182 946 est),
207 866 293 926 decll.
309 868 382 943 266,
398 868 471 943 267,
487 868 561 945 268,
577 870 649 942 269,
665 870 739 942 270,
755 871 834 944 271,
856 874 1015 946 praeterea
1037 871 1073 930 de

109 963 239 1040 singulis
259 964 437 1040 quibusdam
455 963 528 1024 locis
548 952 800 1025 declamationum
820 967 893 1043 255,
910 969 984 1043 260,
1000 969 1072 1042 314,

111 1064 187 1137 325,
211 1063 286 1139 350,
310 1063 383 1138 377,
407 1063 469 1121 382
500 1062 610 1121 certior
637 1063 735 1124 factus
763 1082 831 1123 sum
859 1083 913 1139 per
936 1065 1074 1143 amicum,

112 1160 166 1237 qui
188 1160 356 1219 studiorum
379 1177 470 1219 causa
491 1155 614 1235 aliquod
637 1163 755 1236 tempus
779 1162 890 1223 Romae
913 1163 1050 1239 degebat.

180 1255 378 1317 Consentiunt
409 1257 504 1316 verba
536 1256 687 1316 artissime
720 1276 787 1317 cum
819 1259 918 1319 codice
948 1260 987 1337 B;
1023 1261 1076 1319 ubi

110 1354 293 1430 discrepant,
316 1354 436 1429 saepius
456 1352 479 1413 0
503 1354 541 1412 ad
564 1353 671 1413 codicis
690 1354 718 1413 A
742 1354 923 1430 scripturam
948 1357 1074 1433 accedit3

111 1471 216 1513 verum
243 1469 407 1527 numquam
437 1451 556 1527 potiora
583 1451 639 1512 hac
667 1453 761 1511 tradit
787 1453 832 1511 ita
855 1457 891 1512 ut
912 1472 972 1512 non
995 1456 1026 1512 et
1047 1453 1074 1512 B

115 1549 220 1608 eadem
244 1548 384 1609 exhibeat
406 1551 437 1608 et
458 1568 497 1608 ne
521 1549 573 1607 uni
592 1549 711 1624 quidem
729 1548 793 1608 loco
812 1550 844 1607 in
863 1550 969 1609 ceteris
988 1550 1074 1611 libris

112 1638 202 1727 (ΑΒ)
231 1646 345 1721 pariter
372 1648 513 1720 corrupto
537 1665 613 1721 quae
636 1646 666 1704 in
689 1646 829 1706 notitiam
851 1665 949 1705 meam
972 1666 1076 1722 perve-

113 1745 227 1802 nerunt
246 1742 354 1802 codicis
374 1741 396 1802 0
416 1742 581 1817 scripturae
600 1745 765 1817 potuerunt
784 1742 928 1802 auxilium
945 1744 995 1803 vel
1013 1763 1074 1804 me·

112 1840 212 1900 delam
234 1831 414 1920 adferre.**)
458 1840 565 1915 Itaque
587 1860 647 1900 555
669 1840 758 1899 nimis
782 1841 978 1917 neglegenter
1000 1841 1075 1899 mihi

110 1938 194 1998 visus
223 1956 290 1997 sum
317 1936 429 2014 facere,
458 1938 509 1996 ubi
536 1938 690 2014 integrum
718 1939 797 1996 hunc
819 1938 939 2013 quidem
962 1938 1074 1996 librum

113 2038 251 2095 excutere
273 2034 365 2093 nolui.

114 2171 327 2179 --------

113 2238 191 2320 ΧΝ,
207 2237 259 2291 555
277 2235 361 2290 titulo
377 2235 522 2304 Calpurnii
541 2235 673 2291 eiusdem
685 2235 789 2290 codicis
807 2237 919 2305 tempus
935 2252 1006 2290 saec.
1022 2236 1073 2292 XV

112 2308 289 2447 proiiiuiam
316 2380 381 2446 post
409 2377 589 2459 coust'tntam
616 2378 806 2460 recensionem
829 2378 909 2433 novis
934 2379 1073 2449 excerptis

112 2449 242 2506 ablavio
268 2464 378 2502 summa
400 2449 538 2503 facxhtate
562 2449 633 2503 mihr
651 2467 793 2518 permrssrs
813 2449 943 2518 cognovi:
968 2466 1072 2517 omnes,

111 2537 181 2590 quos
205 2522 239 2574 ut
261 2519 423 2588 desperatos
448 2519 471 2573 si
513 2525 552 2587 o†
576 2522 740 2575 notaveram
759 2521 836 2575 locos
861 2520 964 2574 eisdem
983 2521 1074 2575 literis

110 2591 142 2646 in
163 2589 275 2646 libroC
302 2590 402 2657 quibus
426 2589 456 2643 in
515 2591 603 2658 tradi,
625 2594 736 2660 praeter
754 2589 819 2644 illos
838 2607 940 2645 novem
958 2593 1073 2661 pagina-

111 2680 175 2716 rum
199 2667 264 2728 arx,
285 2665 350 2728 545,
375 2664 604 2730 15555555,
625 2668 685 2728 sor,
705 2667 765 2728 arc,
786 2666 931 2731 erario,
955 2678 1073 2730 quorum

112 2733 219 2803 priores
241 2732 333 2800 (duos)
353 2747 505 2800 congruere
526 2750 588 2786 cum
606 2732 672 2786 libri
691 2731 716 2785 A
734 2731 883 2801 scriptura,
908 2734 1073 2787 555555515-

111 2804 184 2858 viter
203 2803 362 2872 discrepare
380 2803 434 2856 ita:
453 2802 555 2857 ultima
572 2803 716 2872 pelagi-
731 2803 891 2874 intelligitis
906 2809 952 2857 etc.
965 2845 988 2858 ..
1009 2820 1073 2858 555-

112 2873 217 2944 scripta
234 2879 280 2928 ete.
297 2903 332 2913 -
346 2873 465 2927 formale
479 2904 515 2913 —
528 2873 584 2942 ign.
605 2891 660 2942 quo
680 2872 733 2927 dic.
750 2904 783 2913 -
797 2875 947 2942 probatum
961 2905 996 2914 -
1010 2891 1073 2944 pro-

110 2946 250 3011 fecerunt3
278 2946 424 3014 praeterea
453 2959 606 3014 congruere
628 2945 651 2998 B
676 2947 705 2998 et
728 2943 762 3011 0,
790 2944 958 3013 ubicumque
986 2944 1072 2999 editio

109 3015 270 3071 Parmensis
293 3032 311 3069 a
334 3013 357 3066 B
381 3014 493 3084 longius
517 3015 637 3071 discedit
661 3019 854 3085 (82,19-20,
879 3021 991 3083 94,16,
1013 3022 1072 3082 162,

113 3091 197 3153 7-8,
217 3090 342 3154 291,10,
361 3090 423 3152 436,
438 3087 475 3156 4),
494 3103 585 3154 neque
603 3103 711 3140 rursum
726 3103 851 3154 usquam,
870 3085 919 3140 nbi
933 3102 1009 3141 error
1023 3086 1072 3140 ali·

112 3159 175 3226 quis
194 3157 354 3212 Parmensis
379 3156 415 3210 ad
434 3155 539 3211 codicis
558 3157 581 3210 B
600 3158 766 3226 scripturam
785 3158 880 3226 potest
898 3155 1008 3224 referri,
1027 3155 1072 3224 (ct.

109 3247 137 3298 p.
148 3228 199 3282 XV
208 3231 261 3296 sq.)
278 3227 401 3282 eiusdem
416 3226 445 3280 in
460 3226 480 3281 0
494 3244 576 3296 posse
591 3245 705 3282 causam
719 3227 852 3294 inveniri;
868 3227 987 3295 denique
1002 3225 1072 3293 legi:

114 3305 206 3366 5021
232 3298 414 3353 defendamus
433 3314 498 3353 sane
519 3297 603 3368 (sicut
619 3299 650 3352 in
668 3298 715 3365 Β),
740 3303 782 3364 62,
798 3304 832 3353 20
850 3299 960 3353 bostem
979 3298 1072 3372 dicere

110 3387 131 3442 q
154 3369 201 3424 hic
225 3369 351 3436 laeserit;
376 3373 448 3436 75,5
472 3369 598 3423 invenire
621 3369 705 3437 (sicut
722 3367 753 3422 in
770 3369 816 3437 B);
842 3374 884 3435 77,
898 3373 931 3422 21
952 3369 1073 3437 ignomn-

112 3438 208 3495 niosos
227 3456 328 3494 vacare
344 3441 419 3493 omni
432 3441 501 3493 nota
516 3439 602 3509 (sicut
614 3440 645 3493 in
658 3438 708 3509 Α),
729 3444 789 3506 137,
804 3445 819 3494 7
839 3439 893 3494 555
907 3440 990 3494 modo
1005 3433 1074 3491 ode·

110 3510 249 3566 rationem
269 3511 352 3579 (sicut
369 3511 398 3563 in
417 3511 460 3579 B).
1038 3522 1057 3640 1
