2392 3862
170 223 235 288 256
389 189 399 207 ’
536 220 763 288 eururunru

169 383 293 470 unitas)
334 384 424 450 vides
456 407 534 471 ergo
566 390 599 451 et
630 386 748 464 damna
776 390 809 450 et
835 386 927 475 luera
949 387 1139 453 eommunia

170 495 239 538 esse
263 473 392 558 debere,
420 479 453 539 et
474 475 557 539 nihil
579 496 645 540 non
673 497 811 560 aequum
827 494 918 557 verse,
947 473 1033 558 quod
1056 476 1138 540 utri·

171 583 232 646 que
254 564 343 645 parti
366 563 523 649 scriptum
547 566 605 629 est.
837 595 841 604 ¹

237 650 398 733 „Eventus
413 675 473 718 nos
489 653 628 717 diduxit:
649 652 704 717 sed
720 653 759 717 de
775 652 871 717 sociis
886 651 1139 737 <lex>loquitur

134 758 150 806 e
170 739 255 803 idem
277 741 479 825 agentibus.“
503 740 588 805 Illud
608 763 665 806 suo
685 741 756 807 loeo
775 740 954 824 imputabo,
977 741 1066 825 quod
1084 741 1138 807 hie
1168 738 1172 746 ’

170 828 257 892 domi
282 852 409 914 semper
437 833 470 895 et
493 832 602 894 eustos
626 831 755 895 tuntum
778 828 934 912 pecuniae
957 829 1028 896 fuit.
1076 851 1137 916 ego

170 940 240 982 sum
264 919 330 1003 ille,
355 919 410 1005 qui
434 920 551 1002 longas
574 922 678 983 terras
696 920 728 982 et
742 918 873 1003 ignotas
893 917 1044 1001 regiones
1064 943 1138 1006 per·

170 1008 295 1092 agrati,
329 1029 389 1092 ego
419 1006 491 1090 ille,
524 1007 580 1091 qui
614 1010 684 1072 tam
714 1007 812 1093 longe
842 1007 998 1090 abieram,
1031 1011 1070 1072 ut
1101 1009 1137 1074 in

169 1097 311 1179 patriam
334 1096 438 1161 redire
461 1118 527 1161 non
550 1117 690 1179 possem.
723 1118 762 1160 ex
784 1095 846 1160 hae
867 1095 971 1179 igitur
989 1095 1061 1181 lege
1080 1120 1137 1182 po·

117 1202 149 1250 10
170 1186 265 1263 stulo,
288 1190 326 1250 ut
349 1185 534 1251 eommunia
553 1185 620 1251 sint
644 1186 761 1268 omnia,
785 1207 867 1269 quae
888 1185 923 1248 in
941 1185 1029 1250 bonis
1049 1191 1137 1272 sunt,

168 1277 205 1337 ut
228 1273 421 1340 dividantur.

236 1362 320 1437 Quid
354 1363 424 1428 ais?
460 1362 583 1447 perisse
612 1362 801 1445 patrimonii
824 1365 965 1444 partem,
998 1365 1032 1427 et
1054 1364 1135 1429 mihi

167 1452 304 1534 perisse3
329 1450 429 1515 adicis
453 1472 525 1515 mea
549 1450 645 1533 eulpa
668 1451 799 1533 perisse.
840 1450 950 1515 omnia
978 1451 1060 1518 haee
1088 1454 1135 1518 in·

167 1538 263 1600 terim
304 1539 450 1602 confiteri
488 1538 585 1603 libet:
624 1559 793 1603 commune
830 1541 942 1604 tamen
978 1539 1134 1607 damnum

116 1643 148 1691 15
168 1628 226 1689 est.
253 1625 364 1709 Negat
385 1626 448 1690 hoe
472 1648 541 1691 esse
565 1627 719 1692 damnum
744 1631 777 1692 et
799 1649 921 1710 poenae
944 1648 1064 1695 nomen
1086 1632 1134 1696 in·

168 1713 268 1796 ponit.
312 1714 384 1800 Ego
412 1736 510 1798 porro
540 1715 692 1781 damnum
717 1716 866 1781 existimo
891 1738 961 1782 esse
986 1718 1133 1785 amissio-

168 1825 241 1867 nem
266 1825 390 1887 eorum,
415 1825 497 1888 quae
519 1805 682 1870 habueris.
729 1826 833 1889 neque
857 1807 943 1870 enim
967 1808 1077 1872 veniet
1099 1809 1134 1874 in

170 1892 417 1977 dubitationem,
440 1894 518 1979 quin
542 1893 745 1959 amiserimus
765 1894 887 1978 aliquid
907 1916 945 1959 ex
963 1895 1026 1980 his,
1050 1919 1133 1978 quae

167 1980 378 2048 habebamus.
410 1983 463 2049 hie
485 2005 624 2070 poenam
648 1983 801 2069 appellat.
835 2005 971 2066 possum
993 2006 1061 2051 non
1078 2008 1133 2052 ne·

115 2087 148 2136 20
168 2092 260 2157 gare,
292 2095 366 2137 eum
394 2075 428 2136 et
460 2072 533 2157 ipsa
559 2094 666 2157 poena
693 2072 802 2136 damni
832 2091 934 2156 genus
959 2073 1009 2144 sit
1055 2096 1132 2140 nam

166 2162 247 2225 mihi
278 2183 315 2225 ex
342 2161 419 2245 hoe,
451 2163 537 2247 quod
563 2161 727 2247 plerisque
756 2160 945 2226 criminibus
977 2164 1133 2247 pecuniae

165 2259 270 2332 poena
300 2250 517 2333 inponebatur
545 2251 713 2335 appellata
741 2251 840 2315 etiam
865 2251 938 2333 ipsa
965 2249 1130 2318 damnatio

165 2338 302 2403 videtur.
332 2338 487 2402 Ablatum
510 2342 560 2403 est
578 2338 701 2423 aliquid
721 2338 812 2422 mihi3
835 2360 913 2404 sane
936 2339 1038 2404 etiam-
1057 2362 1132 2407 eon·

165 2424 259 2488 fitear
294 2461 332 2472 -
359 2426 436 2508 quid
463 2427 614 2509 interest,
643 2425 802 2510 quomodo
827 2427 973 2492 ablatum
995 2429 1064 2494 sit?
1088 2467 1131 2480 -

112 2527 145 2597 ab
165 2531 226 2596 ego
259 2513 392 2595 perdidi.
445 2536 523 2579 nam
564 2517 596 2578 et
629 2515 657 2578 si
689 2515 775 2580 latro
808 2516 1013 2603 abstulisset,
1050 2519 1131 2584 mihi

166 2600 359 2686 abstulerat,
391 2606 424 2667 et
456 2602 485 2667 si
516 2603 550 2667 in
584 2602 709 2685 piratas
742 2602 804 2688 ege
832 2604 1018 2671 incidissem
1048 2630 1130 2673 mer·

165 2693 268 2773 rator,
299 2709 360 2774 ego
389 2690 561 2756 amiseram
585 2714 645 2756 -ε
676 2692 806 2776 peribat
830 2693 893 2759 hoc
920 2694 1050 2779 utrique
1073 2718 1129 2762 no·

166 2783 278 2843 strum.
323 2777 429 2855 Quid?
454 2780 481 2845 si
506 2781 605 2845 etiam
627 2801 752 2864 poenae
774 2782 808 2846 id
832 2801 934 2866 genus
958 2784 1128 2871 estquod

237 3014 251 3060 1
272 3005 388 3074 videt?
405 3008 415 3077 n
433 3013 449 3061 2
469 3011 511 3064 eet
529 2979 590 3078 An,
609 3025 678 3065 corr.
700 3008 742 3065 Gr
759 3012 769 3080 ΙΙ
788 3017 803 3065 3
823 3011 884 3080 pari
902 3016 922 3062 Ρ
940 3014 949 3083 11
969 3017 987 3066 4
1005 3014 1057 3069 uos
1077 3030 1127 3070 om.

164 3081 208 3148 Bu
227 3077 343 3134 deduxit
359 3082 408 3132 AB
422 3079 432 3149 11
446 3080 546 3149 loquor
564 3085 624 3148 ΑΒ,
643 3097 712 3137 corr.
731 3088 829 3138 auctor
846 3083 967 3139 incertus
985 3101 1030 3152 ap.
1050 3085 1100 3140 Bu
1118 3085 1126 3157 t

164 3157 180 3204 5
200 3150 304 3204 ibidem
323 3149 361 3219 (ἓ)
380 3152 473 3221 agent.
494 3150 547 3206 sa
568 3153 578 3221 11
601 3157 617 3205 6
637 3152 713 3207 domi
732 3169 782 3208 om.
800 3154 845 3222 Bt
868 3159 884 3208 9
903 3154 997 3223 patria
1015 3159 1038 3209 Δ
1061 3158 1071 3226 ΙΙ
1097 3163 1129 3212 10

164 3223 259 3277 omnia
276 3238 319 3277 om
337 3226 362 3274 Δ
373 3224 383 3292 ΙΙ
406 3223 436 3277 in
454 3221 535 3278 vobis
553 3227 617 3278 sunt
631 3228 687 3290 ΑΒ,
706 3240 774 3280 eurr.
794 3224 867 3290 Aaou
885 3241 924 3280 au
941 3223 1045 3281 *nobis
1064 3227 1130 3283 sunt

165 3292 202 3362 (.9)
217 3296 226 3360 ΙΙ
241 3299 273 3346 11
294 3293 355 3362 agis
374 3296 419 3364 ΔΙΙ
435 3300 466 3349 1⁷
485 3294 621 3376 bonorum
640 3299 661 3348 B
679 3297 689 3364 ιΙ
707 3295 794 3378 quin
813 3300 836 3348 Δ
854 3297 864 3367 t
883 3300 915 3350 19
935 3298 989 3353 hoe
1006 3314 1130 3368 poenam

162 3367 282 3486 111
300 3365 545 3434 ¹·
563 3365 1044 3496 11111111
1060 3385 1132 3510 m

162 3475 297 3558 ablaturi
312 3508 355 3560 est
373 3511 404 3575 Δ,
423 3479 598 3577 ablatum&
615 3479 694 3564 cerr..
705 3508 750 3564 Ro
763 3510 773 3580 fl
787 3513 821 3564 28
839 3455 954 3579 id]phoe
972 3514 992 3563 B
