2370 3862
144 220 185 286 76
507 219 736 286 QUINTmIAM

144 384 232 450 aliud
254 383 326 468 tuit,
350 405 447 468 quam
470 382 763 468 ignominiosorum
785 383 820 447 in
842 382 1018 467 pristinum
1042 387 1107 448 sta·

143 478 213 539 tum
235 472 409 538 restitutio.
452 475 490 536 tu
513 470 657 537 nondum
685 493 757 537 eras
784 471 819 535 in
843 493 882 536 ea
904 470 1046 556 fortuna,
1069 477 1108 538 ut

143 561 361 626 restituendus
389 580 486 625 esses.
537 559 621 644 „Sed
648 560 774 644 eodem,
806 559 929 644 inquis,
959 564 1108 645 tempore

144 671 204 735 ego
231 649 445 736 ignominiam
468 649 585 732 merui,
613 669 677 733 quo
699 649 837 714 remissa
864 647 942 714 est.“
986 648 1109 716 Postea

109 756 125 806 o
145 739 259 822 dicam,
282 759 379 822 quam
397 737 516 824 dignus
533 738 599 801 ista
616 737 661 802 sis
677 737 871 823 ignominiae
893 737 1025 803 interim
1042 738 1108 804 ieta

145 828 301 912 temporis
329 825 571 911 computatione
600 825 742 890 exohrdo.
788 826 935 910 quamvis
958 826 1045 890 enim
1068 849 1108 893 ea

144 917 274 1003 rogatio
297 918 429 999 recepta
451 914 504 998 sit,
527 913 633 978 cuitu
651 914 749 979 tertio
769 914 1006 981 contradixisti:
1029 919 1105 980 ante

144 1009 255 1069 tamen
281 1003 410 1089 rogatio
438 1005 570 1085 recepta
597 1005 660 1086 est,
687 1023 784 1086 quam
811 1006 848 1066 tu
872 1004 1107 1088 ignominiosus

145 1114 215 1158 esse
239 1092 409 1177 coepisses.
453 1090 521 1155 Lex
544 1090 629 1154 enim
652 1090 729 1174 quid
749 1089 851 1156 dicit?
896 1089 968 1168 Qui
992 1112 1106 1176 roga·

93 1198 126 1248 10
144 1181 246 1246 tioni
268 1184 329 1245 ter
347 1179 634 1245 contradixerit
656 1199 777 1263 neque
794 1180 980 1261 tenuerit,
997 1181 1107 1266 igno-

144 1268 335 1334 miniosus
367 1269 427 1333 sit
473 1267 513 1332 de
540 1268 717 1351 praeterito
745 1271 778 1333 et
806 1267 847 1332 de·
871 1267 1021 1351 perfecto
1038 1269 1107 1335 iam

144 1362 374 1441 transactoque
397 1360 545 1440 tempore
567 1356 720 1440 loquitur.
766 1377 837 1421 curn
865 1357 905 1420 de
932 1357 1105 1440 rogatione

146 1451 305 1532 ageretur,
326 1444 584 1511 contradicebas:
601 1443 745 1510 nondum
765 1465 836 1509 eras
851 1445 1107 1531 ignominiosum

144 1534 288 1598 nondum
315 1534 401 1598 enim
424 1533 552 1618 rogatio
581 1537 652 1598 erat
671 1533 854 1618 (recepta).
900 1538 934 1599 at
957 1555 1032 1600 cum
1055 1556 1105 1599 re·

93 1639 126 1690 15
146 1626 240 1705 cepta
262 1624 312 1686 est
333 1622 474 1708 rogatio,
495 1625 577 1704 tum,
599 1622 675 1705 quia
697 1643 763 1686 non
782 1626 943 1706 tenueras,
966 1623 1107 1708 ignomi-

145 1711 257 1775 niosus
282 1731 353 1777 esse
376 1710 520 1795 coepisti.

212 1797 298 1863 Illud
327 1799 427 1865 etiam
457 1797 660 1865 adiciendum
682 1798 825 1883 videtur,
850 1799 1014 1873 neminem
1037 1821 1108 1864 urn-

146 1909 243 1972 quam
266 1887 449 1974 digniorem
466 1887 567 1953 fuisse
584 1887 775 1972 ignominia,
798 1908 895 1972 quam
912 1891 955 1954 te.
993 1888 1110 1961 rideri·

145 1977 343 2060 musenim,
373 1977 485 2062 quales
514 1976 592 2041 illae
614 1975 736 2040 fuerint
757 1976 959 2061 rogationes,
990 1977 1110 2061 quibus

93 2071 245 2135 mantea
277 2065 513 2131 contradixisti.
562 2065 659 2129 utiles
695 2065 823 2149 utique:
857 2068 1009 2149 mceptae
1031 2071 1109 2132 sunt

146 2155 233 2220 enim
257 2159 289 2219 et
311 2175 371 2239 pro
395 2176 429 2219 re
452 2154 584 2239 publica
606 2154 804 2236 placuerunt
843 2153 1008 2219 enimvero
1031 2154 1109 2220 huic

146 2243 264 2327 aliquis
291 2243 456 2326 rogationi
484 2241 677 2307 contradicit
703 2245 772 2307 tam
795 2241 1010 2327 misericordi,
1037 2247 1109 2307 tam

146 2329 222 2413 leni,
245 2351 328 2412 quaa
350 2330 468 2396 civium
490 2350 662 2394 numerum
684 2329 843 2414 ampliat?
878 2331 907 2396 si
929 2330 1014 2396 alius
1036 2333 1108 2415 qui·

145 2417 228 2482 libet
239 2417 504 2502 contradixisset,
525 2417 737 2489 inhumanam
755 2440 826 2485 rem
843 2419 983 2488 fecisset
1018 2425 1054 2485 at
1067 2423 1106 2484 tu

93 2523 127 2574 tt
146 2506 233 2571 istud
252 2505 458 2588 contradicis,
476 2527 517 2570 ne
533 2507 745 2591 ignominiosi
764 2508 989 2592 restituantur,
1007 2507 1108 2573 homo

146 2596 256 2677 <non>
274 2598 366 2659 extra
387 2592 567 2678 periculum
589 2596 726 2680 positus.
755 2595 874 2680 dignus
896 2618 931 2661 es
954 2616 1046 2681 ergo,
1069 2603 1109 2661 ut

145 2682 283 2767 patiaris
307 2703 354 2767 ea,
376 2704 460 2767 quae
482 2684 555 2768 pati
578 2705 689 2749 omnes
707 2685 849 2750 voluisti.
872 2685 937 2749 nisi
956 2684 1040 2751 forte
1060 2685 1108 2750 sic

145 2771 367 2855 intellegimus
395 2771 493 2839 istam
521 2775 686 2856 receptam
708 2773 926 2857 rogationem,
953 2779 990 2838 ut
1010 2794 1108 2838 nemo

146 2861 191 2924 sit
208 2879 362 2943 umquam
381 2861 514 2927 omnino
532 2862 567 2925 in
580 2862 714 2927 civitate
731 2864 847 2926 nostra
860 2861 1108 2947 ignominiosus.

92 2964 127 3015 ao
145 2953 181 3012 ot
202 2947 273 3030 (si)
297 2949 329 3012 id
352 2949 404 3014 vel
427 2949 567 3034 populus
591 2949 762 3033 voluisset,
784 2950 835 3014 vel
858 2949 924 3034 ille,
948 2950 1004 3034 qui
1026 2950 1107 3016 iere

146 3036 204 3102 bat
232 3038 490 3123 <rogationem>,
523 3038 714 3123 abrogasset
745 3038 856 3122 potins
885 3038 969 3103 hanc
992 3039 1107 3127 legem,

218 3144 285 3194 niu
304 3141 354 3197 dei.
374 3145 414 3193 Aa
461 3145 477 3194 5
496 3139 633 3214 istassfA,
654 3138 913 3208 nescissem.
932 3141 1109 3211 Bilignomi·

145 3211 205 3268 nias
225 3216 290 3264 aaa
305 3214 314 3281 ΙΙ
328 3217 398 3266 5-6
416 3211 499 3266 istam
513 3213 534 3266 t.
549 3210 788 3281 computationem
798 3208 836 3280 (?)
847 3210 891 3266 Ro
905 3212 914 3280 fl
928 3218 943 3267 ‘1
957 3212 1107 3282 rogatione

147 3285 229 3352 cepta
247 3286 268 3334 B
286 3285 296 3352 ΙΙ
317 3289 348 3337 11
369 3282 437 3353 perf.
457 3280 686 3352 intransaetoque
704 3286 725 3334 B
743 3283 752 3352 t
771 3287 805 3336 14
822 3280 959 3354 (recepta
999 3283 1038 3337 Pi
1050 3285 1059 3352 ΙΙ
1075 3288 1109 3338 lt

146 3353 212 3407 dum
232 3351 298 3421 quia
317 3354 363 3423 Ass
377 3358 411 3407 19
429 3351 583 3420 rogationis
601 3355 647 3423 An
665 3357 700 3408 t!
718 3351 911 3407 misericordia
972 3369 1016 3408 em
1039 3354 1108 3427 ‚iil

147 3430 194 3484 (m.
213 3426 233 3477 t.
254 3423 308 3491 qui
327 3426 382 3494 1’)t
400 3428 435 3478 26
453 3421 550 3498 (non)
569 3423 622 3479 sa
635 3425 645 3493 fl
659 3430 693 3480 29
712 3423 825 3479 omnino
843 3440 893 3480 om.
912 3425 1005 3493 11130
1024 3440 1059 3478 an
1078 3423 1109 3478 id

146 3498 203 3563 n,
222 3509 290 3550 corr.
302 3495 360 3550 Aer
560 3539 568 3553 .
644 3496 646 3501 '
