2392 3862
371 224 689 282 Dacunmlonus,
702 224 817 282 CCLVL
1030 223 1074 286 47

115 389 151 453 hi
166 388 443 472 desperaverunt?
467 407 622 453 omnesne
641 388 749 470 (sibi)
767 389 935 453 consulere
953 409 991 452 ac
1004 410 1076 471 pro·

115 478 238 561 spicere
259 476 456 543 voluerunt?
492 475 616 540 adeone
640 476 768 541 facilius
790 481 840 542 est
861 477 1077 560 transfugere,

113 588 211 650 quam
242 565 379 630 cadere?
429 586 542 629 omnes
575 563 611 628 hi
643 564 845 648 reliquerunt
877 566 913 629 in
943 566 1076 630 civitate
1180 590 1184 595 ·

115 654 270 738 coniuges
299 655 335 717 in
365 652 541 717 ludibrium
575 657 672 737 atque
703 653 932 718 contumeliam
955 675 1076 735 eorum,

114 743 226 827 quise
249 765 270 806 a
291 741 413 806 scelere
435 742 577 806 marimo
600 740 714 805 ulcisci
736 741 852 806 velint:
878 742 1114 809 manifestius

115 831 230 914 re<m>
253 829 461 915 qua<n>dam
479 829 743 912 coniectura<m>
762 851 877 914 capere
889 852 1077 914 possumus:

114 941 195 983 num
218 921 325 983 minus
349 919 449 982 animi
472 918 542 983 sine
563 918 630 1002 his,
651 939 731 982 num
749 919 857 982 minus
879 919 1077 1003 pertinaciae

114 1006 277 1072 desertis?
312 1027 372 1092 age
405 1027 496 1090 sane,
526 1006 589 1070 hoc
615 1027 682 1071 non
709 1008 876 1092 cogitatis,
906 1006 991 1092 quod
1017 1027 1078 1070 nec

115 1095 303 1161 custodiunt
319 1116 379 1160 neo
397 1093 646 1179 reprehendunt,
663 1115 723 1159 neo
741 1099 851 1179 portas
870 1095 1077 1181 praecludere

112 1206 173 1249 nee
204 1183 339 1268 publica
376 1184 516 1248 retinere
548 1204 625 1248 eura
656 1184 740 1247 tanti
770 1187 895 1266 putant
939 1185 1077 1248 miratur
1096 1201 1133 1250 ro

113 1273 235 1356 aliquis
261 1273 378 1336 timere
405 1292 457 1336 me
487 1271 614 1355 hostes,
646 1271 732 1356 quod
755 1273 812 1336 isti
838 1272 1075 1357 transfugiunt:

111 1361 164 1424 illi
181 1381 321 1426 menon
339 1361 465 1426 timent.
500 1381 681 1444 caveamus,
704 1361 849 1445 obsecro,
871 1360 948 1425 dum
967 1361 1076 1444 plures

116 1471 237 1513 sumus.
523 1467 529 1474 ·

279 1693 457 1760 Furiosus
478 1585 779 1760 guidagiorum
801 1695 915 1778 pater.
1095 1713 1130 1760 15

116 1819 178 1898 Qui
206 1824 274 1885 tres
296 1819 384 1884 filios
406 1819 564 1905 habebat,
594 1821 675 1886 duos
698 1842 757 1905 per
778 1820 919 1886 furorem
943 1820 1076 1902 occidit3

203 1930 223 1973 a
244 1907 344 1974 tertio
368 1911 503 1973 sanatus
526 1907 657 1974 abdicat
680 1931 762 1973 eum.

426 2064 762 2132 DECLAMATIO.

181 2188 349 2274 Poteram,
370 2189 500 2254 etiamsi
524 2211 592 2254 non
614 2189 784 2270 irascerer,
807 2185 971 2271 abdicare,
993 2191 1075 2250 tam-

114 2299 214 2363 quam
241 2277 347 2343 bonus
369 2280 472 2362 pater.
518 2277 629 2342 omnia
655 2276 695 2341 dc
717 2275 849 2342 fortune
872 2296 945 2340 mea
967 2275 1078 2363 timeo,
1096 2291 1132 2341 ao

115 2366 225 2432 omnia
252 2365 292 2430 de
319 2369 390 2431 tam
418 2365 532 2450 fragili
559 2387 597 2431 ao
623 2369 692 2430 tam
719 2364 872 2431 mutabili
895 2368 1016 2428 mente:
1045 2371 1078 2428 et

112 2459 249 2540 propter
275 2455 339 2520 hoc
367 2453 577 2519 dimittendus
604 2453 686 2518 mihi
713 2475 734 2518 a
760 2452 856 2518 domo
884 2453 970 2517 filius
998 2457 1078 2532 erat,

113 2564 155 2609 ne
182 2543 341 2608 incideret
371 2542 407 2606 in
434 2563 541 2607 meum
569 2541 722 2608 furorem
768 2539 832 2606 Sed
861 2547 1021 2627 quatenus
1045 2544 1078 2604 et

115 2653 229 2698 causas
269 2651 399 2716 quoque
435 2630 653 2696 abdicationis
693 2631 893 2713 interrogor,
933 2629 966 2694 id
999 2630 1077 2709 [est]

114 2719 246 2805 <quod>
265 2719 356 2805 cogit
375 2740 427 2783 me
448 2719 651 2804 frequentius
668 2719 831 2784 malorum
848 2738 995 2783 meorum
1012 2736 1077 2779 me·
1097 2731 1133 2781 ao

112 2808 265 2872 minisse:
292 2828 490 2892 quamquam
517 2806 603 2871 inter
624 2807 812 2890 praecipua,
838 2809 973 2891 propter
996 2824 1078 2889 quae

112 2895 276 3049 gbdicem,
308 2895 370 2961 hoc
399 2900 463 2980 est,
495 2894 580 2979 quod
609 2895 690 2959 mihi
717 2895 783 2961 ista
808 2892 972 2960 narranda
994 2896 1078 2976 sunt,

134 2985 220 3050 icam
243 2987 362 3049 amen.

133 3209 151 3222 ..
188 3146 202 3193 1
221 3138 318 3212 (sibi)
338 3139 404 3206 Set,
423 3155 497 3194 omn.
515 3136 616 3221 (μυῖα)
634 3153 657 3194 e.
676 3152 701 3193 a
720 3156 748 3209 ρ,
767 3136 932 3217 uoluerunt?
954 3132 997 3188 llo
1060 3139 1076 3187 ‘a

111 3211 541 3285 mausiacensem
559 3225 594 3262 ea
612 3212 799 3278 scaleno
817 3204 991 3263 macilentior
1031 3222 1079 3277 m)

112 3281 296 3354 qua<n>dam
315 3277 548 3351 coniectura<m7
566 3278 621 3335 deb
642 3282 652 3348 Ι
675 3284 690 3335 7
709 3278 811 3334 animle
828 3279 877 3347 ΙΙ
899 3271 1008 3345 scaeui
1028 3290 1079 3328 elac

114 3355 183 3407 cust.
197 3369 249 3407 uec
262 3369 321 3422 rep.
336 3371 362 3406 u.
377 3369 405 3422 p.
421 3368 450 3420 p.
464 3367 491 3403 u,
505 3366 532 3418 p.
546 3352 598 3405 ret,
614 3366 681 3405 cura
692 3354 714 3406 t
727 3366 760 3489 ‘a'
775 3344 1080 3490 blllaei'lntdwwiui

764 3436 779 3465 Β

111 3424 172 3480 edd.
187 3426 197 3492 l
212 3429 244 3477 17
260 3426 373 3479 senatus
387 3423 485 3489 1124
499 3422 623 3489 quoque!
639 3418 676 3489 qd
691 3423 713 3474 Α
963 3412 1080 3487 (bodl)

110 3493 170 3548 a
459 3584 588 3632 ,-
1130 3504 1153 3631 l
