2392 3862
137 215 199 279 144
499 210 731 277 QUINTILIANI

137 398 289 442 mansura
306 379 358 440 est
379 375 414 439 in
431 395 503 439 meo
523 373 741 440 matrimonio.
766 372 924 439 Misereor
944 374 1099 457 raptoris,

135 486 238 549 neque
260 483 320 548 ego
339 465 463 547 primus
482 464 584 547 coepi.
615 462 783 529 misereor:
807 464 928 527 erravit
944 461 1098 528 fortasse.

136 558 174 618 ut
192 553 297 618 scelus
316 551 516 617 commiserit
534 551 649 634 homo,
668 551 744 616 dum
762 550 979 635 periclitatur,
999 550 1100 617 otiam

137 643 246 726 imago
270 662 393 725 poenas
412 662 464 705 me
483 639 660 705 confundit.
692 640 846 704 heccum
864 639 945 705 mihi
964 639 1100 724 accidat,

101 729 214 814 aquid
244 729 389 795 accidere
418 732 528 814 potest
553 727 706 811 puellae?
761 749 866 812 noque
899 748 959 813 ogo
991 731 1103 793 tamen

135 819 227 882 illum
251 817 396 883 defendo.
427 816 505 882 fecit
524 817 610 882 enim
628 837 697 880 rem
718 816 909 901 improbam,
933 815 1011 880 fecit
1028 837 1098 882 rom

135 906 364 972 inconsultam:
389 904 445 970 sed
465 905 617 988 exulavit,
641 904 698 969 scd
717 904 832 969 abfuit.
864 903 953 969 Haec
973 904 1000 968 si
1020 924 1097 969 con-

134 996 279 1061 fiderem:
299 995 380 1059 illud
398 1015 475 1060 vcro
495 993 535 1058 ad
554 996 661 1061 motus
679 992 830 1076 pertinet.
850 997 1012 1058 ettamen
1031 1015 1100 1058 non

136 1086 205 1168 ego'
224 1084 263 1148 de
293 1104 392 1147 uxore
415 1082 544 1162 diffido,
571 1082 698 1147 nonde
722 1082 831 1145 animo
854 1081 943 1146 illius
967 1081 1096 1165 dubit03

85 1188 117 1237 10
137 1173 261 1262 alioqui
289 1171 395 1236 minus
424 1170 584 1237 sollicitus
608 1192 721 1236 essem.
766 1169 833 1235 scio
856 1169 1012 1235 meruisse
1035 1191 1098 1253 me,
1186 1226 1192 1255 ,

136 1266 173 1324 ut
200 1281 340 1342 amarer,
372 1260 438 1325 scio
466 1260 668 1343 obsequium,
700 1259 766 1324 scio
797 1259 908 1324 omnic
929 1257 1098 1327 maritalia

136 1349 244 1414 officia
270 1349 368 1433 plone
390 1348 593 1432 indulgentia
616 1351 833 1414 consecutum.
879 1346 959 1412 illud
982 1347 1098 1412 dubito

137 1437 258 1520 qui<d>
273 1437 386 1520 possit,
401 1458 473 1502 cum
488 1436 603 1500 educta
616 1436 715 1501 fucrit
729 1435 770 1501 ad
785 1435 1008 1520 magistratus,
1027 1456 1101 1501 cum

135 1524 191 1588 ille
223 1525 387 1608 periturus
415 1525 552 1590 iacuerit
579 1524 620 1590 ad
654 1523 768 1608 podes,
801 1546 875 1590 cum
905 1523 1096 1608 produxerit

84 1630 116 1678 15
137 1613 349 1696 propinquos,
377 1634 450 1678 cum
478 1613 609 1679 amicos.
655 1633 755 1697 quere
782 1612 867 1678 alius
890 1612 980 1677 dicet
1001 1612 1096 1679 uxori

137 1721 240 1766 meae:
264 1721 359 1765 »amo
383 1705 417 1766 et
439 1700 511 1766 idco
534 1700 672 1784 rapuit?
705 1721 804 1785 quare
826 1701 880 1786 sit,
903 1700 959 1784 qui
982 1703 1097 1769 contra

138 1810 188 1853 me
203 1789 302 1854 dicat:
321 1788 579 1872 amisere<re>rl
593 1789 693 1854 timeo
707 1790 853 1862 favorem
867 1789 961 1857 illum
976 1788 1099 1873 populi,

137 1877 390 1943 miscricordiam
418 1878 569 1943 civitatis.
615 1878 691 1962 quid
719 1883 828 1945 autem
855 1877 927 1943 ficri
954 1876 1098 1962 iniquius

136 1970 258 2051 potest,
286 1988 382 2050 quarn
410 1966 527 2039 abduci
554 1966 636 2031 mihi
664 1988 810 2050 uxorem,
837 1969 972 2051 propter
999 1987 1100 2050 quam

84 2056 311 2140 utaliquando
341 2059 455 2140 raptor
477 2078 573 2122 ausus
596 2056 640 2122 sit
662 2054 803 2121 reuerti?
841 2055 896 2140 qui
919 2054 990 2138 ipse
1012 2055 1097 2120 satis

137 2145 303 2227 indicarit,
331 2167 398 2210 nou
424 2166 493 2210 esso
521 2145 587 2230 legi
610 2145 732 2228 locum,
756 2162 826 2209 cum
855 2164 1004 2209 reversus
1037 2147 1096 2209 ost.

137 2234 306 2299 confundit
328 2255 379 2301 me
403 2233 542 2299 maxime
563 2255 637 2318 spos
655 2233 758 2299 illius:
782 2253 856 2297 eum
873 2231 1005 2297 timeret
1023 2253 1100 2315 pro·

137 2321 237 2404 fugit:
263 2327 298 2386 at
317 2342 404 2387 nunc
426 2321 518 2387 educi
541 2343 576 2386 se
598 2321 732 2404 patitur.

206 2407 378 2474 Silentium
406 2409 535 2492 quidem
563 2409 672 2473 uxoris
689 2430 789 2474 meae
812 2428 872 2493 ego
895 2431 973 2474 vero
995 2430 1100 2492 noque

87 2514 120 2562 25
140 2500 327 2580 suspectum
353 2496 474 2580 habeo,
499 2517 603 2581 neque
630 2496 744 2564 timeo:
772 2497 865 2563 decet
891 2498 955 2564 hoc
978 2500 1105 2563 matre·

139 2584 247 2647 nalem
269 2583 438 2669 pudorem,
463 2588 496 2649 ct
519 2585 549 2649 si
567 2584 682 2650 educta
702 2585 743 2650 ad
762 2586 974 2672 magistratus
993 2585 1102 2671 fuerit,

138 2672 201 2737 hoc
233 2671 324 2736 illam
356 2673 496 2738 maximo
529 2673 691 2740 facturam
723 2675 878 2758 arbitror,
915 2678 953 2740 ut
984 2677 1104 2740 taceat.

141 2781 249 2844 quare,
280 2782 383 2844 socer,
415 2763 458 2827 tu¹
480 2766 568 2846 opta.
605 2763 634 2827 si
660 2763 723 2828 hoc
751 2763 909 2848 quaesisti
938 2761 1102 2828 educendo

139 2851 303 2933 raptorem
327 2850 367 2915 ad
390 2852 615 2936 magistratus,
639 2855 677 2916 ut
700 2850 921 2935 confunderes,
944 2853 982 2916 ut
1004 2853 1103 2917 terre
1181 2866 1185 2875 ·

88 2957 121 3006 30
140 2960 206 3019 res,
234 2941 271 3002 ut
294 2941 327 3003 te
351 2943 440 3004 metu
462 2939 550 3004 illius
574 2939 773 3005 vindicares:
799 2939 1000 3005 intellectum
1025 2939 1103 3004 arti·

214 3061 391 3125 1miscxxc
410 3064 458 3128 Aa,
477 3059 582 3115 missor
600 3065 640 3113 Ab
663 3063 673 3130 ΙΙ
696 3059 874 3117 amisson
894 3062 904 3131 ΙΙ
925 3059 1108 3130 erraviltlt

64 3223 69 3232 .
144 3133 328 3274 sucat
341 3131 502 3276 suu
519 3131 1035 3271 accusaturum
1049 3135 1109 3272 ,tt

144 3219 1108 3415 inaruisseiuualiorsus

411 3384 419 3412 l
498 3383 505 3396 ³
777 3386 785 3412 ἱ
994 3386 1002 3412 2

144 3414 259 3482 301123
279 3432 313 3471 ac
330 3420 391 3484 Aa,
410 3414 607 3484 condonat
626 3431 678 3471 nec
695 3416 788 3485 31126
807 3415 847 3471 sic
865 3415 951 3470 ducta
967 3416 1061 3483 ²l⁸⁰
1079 3416 1109 3471 ts

143 3486 203 3540 met
220 3483 296 3540 illius
314 3490 348 3552 B,
367 3489 456 3543 temet
473 3485 550 3542 illius
567 3491 587 3538 1²
