2392 3862
149 206 216 285 436
495 210 735 287 foururnrnur

148 383 316 467 linquitur.
347 380 502 470 Romani,
512 382 640 467 generis
664 385 786 465 auotor,
808 381 921 446 divisis
944 382 1030 446 inter
1053 404 1111 465 pa-

148 476 233 535 trem
257 474 290 535 et
317 470 422 535 filium
452 469 583 555 pietatis
612 469 741 554 officiis,
774 491 846 534 eum
870 473 1045 553 utrumque
1069 470 1111 535 ad

149 558 338 643 fugiendum
366 558 444 623 anni
467 557 653 644 deficerent,
686 559 824 623 alterurn
847 558 939 642 tulit,
971 559 1112 623 alterum

149 647 260 712 traxit.
290 651 403 732 mater,
422 646 508 717 disee
527 646 649 731 fugere.
676 650 757 732 puto
776 668 842 711 non
861 646 1035 731 miramini,
1054 654 1113 712 o’ur

117 751 133 800 5
152 739 256 800 mater
273 757 340 801 non
357 736 503 821 recipiat,
523 756 619 818 quem
637 739 706 800 tam
724 735 821 801 vilem
840 734 948 818 habet,
971 738 1009 800 ut
1027 738 1113 799 tam·

152 846 248 908 quam
276 822 412 889 cadaver
434 823 604 908 relinquat.

222 911 386 996 ‚,Primus‚
409 912 528 997 inquit,
552 910 647 977 heres
670 910 793 996 periit.“
837 911 902 976 nisi
928 910 1040 994 fallor,
1063 911 1114 976 iu·

151 1001 247 1083 diaes,
269 1000 304 1065 in
326 1000 388 1066 hoc
412 1000 633 1065 controversia
655 1003 714 1084 est,
737 1002 845 1065 utrum
864 999 1017 1064 fluetibus
1037 1000 1114 1064 sub·

151 1111 275 1154 mersus
300 1089 344 1153 sit
365 1109 446 1173 puer
469 1110 510 1152 an
534 1111 553 1153 a
574 1089 692 1171 piratis
714 1091 828 1173 raptus
852 1088 905 1152 sit.
951 1086 986 1153 Si
1010 1087 1112 1154 dooeo

100 1184 134 1242 10
152 1199 219 1242 non
237 1177 370 1261 perisse,
387 1176 542 1241 nimirum
560 1181 674 1261 raptus
694 1179 755 1260 est3
776 1177 804 1241 si
821 1184 951 1260 raptum
966 1177 1114 1256 ostendo,

154 1265 252 1331 dooeo
272 1265 370 1330 etiam
389 1265 510 1350 viver03
535 1265 563 1329 si
581 1265 676 1330 vivit:
694 1265 847 1330 nimirum
865 1265 919 1328 hie
938 1267 998 1349 est,
1017 1286 1116 1348 quem

153 1354 278 1419 invenit
300 1354 448 1437 libertus,
471 1353 568 1419 evieit
587 1353 741 1437 adsertor,
763 1354 858 1418 iudex
881 1353 1018 1436 remisit,
1041 1353 1117 1419 avia

155 1464 227 1508 reue
251 1443 287 1507 it.

220 1465 353 1612 ieram,
376 1533 413 1594 ut
434 1529 640 1613 propositum
664 1528 809 1593 ordinem
828 1550 952 1613 sequar,
976 1549 1061 1614 nego
1080 1531 1118 1595 in

103 1618 135 1681 '15
155 1617 238 1682 mari
260 1617 394 1701 perisse.
439 1616 532 1681 Litus
557 1617 754 1681 amoenitate
776 1619 908 1700 notum,
936 1639 1118 1702 numquam

155 1706 240 1770 elato
265 1704 408 1770 adluitur
430 1704 527 1789 mari,
559 1704 615 1770 sed
637 1703 782 1770 molliter
804 1705 958 1773 devexum
986 1708 1118 1789 aequali

154 1794 303 1879 planitie,
335 1792 494 1876 paulatim
522 1790 767 1876 superveniente
795 1795 928 1880 pelago,
962 1794 1117 1860 subsidit.

156 1884 255 1968 longo
279 1881 386 1966 spatio
414 1881 651 1966 ingredientem
674 1881 805 1966 fatigat,
838 1887 914 1948 ante
943 1904 1040 1966 quam
1063 1883 1117 1948 de·

155 1974 278 2037 stituat.
323 1992 434 2055 porro,
471 1973 509 2035 tu
540 1971 719 2057 tranquillo
756 1971 839 2034 mari
872 1993 914 2036 an
945 1975 1118 2037 aestuante

101 2067 136 2126 '20
158 2080 333 2146 progressa
361 2058 418 2124 es?
458 2058 644 2124 credibilius
668 2059 791 2124 seilicet
815 2058 854 2123 ad
877 2058 956 2123 haee
975 2060 1120 2126 oblecta

155 2152 266 2213 menta
288 2148 441 2213 laetiores
464 2148 615 2233 eligimus
639 2147 722 2230 dies3
754 2147 904 2213 horridus
927 2169 1004 2213 vero
1029 2148 1114 2214 deoi-

155 2237 301 2301 dentium
319 2236 479 2301 undarum
497 2236 609 2320 fragor
628 2239 661 2300 et
679 2237 898 2301 exaestuantis
916 2236 1034 2301 fluetus
1052 2238 1115 2303 mi·

155 2348 219 2390 nax
242 2325 355 2390 facies:
379 2328 412 2389 et
434 2324 510 2409 tibi,
533 2327 712 2407 opportune
735 2324 909 2389 seeundum
932 2325 1006 2407 ipsa
1024 2324 1118 2390 habi·

156 2413 240 2476 tanti
254 2413 440 2494 litora,1r0u
458 2412 622 2495 rapienda,
637 2412 694 2475 sed
707 2413 905 2494 expectanda
914 2413 1119 2500 †0bsessio†

104 2515 138 2564 25
158 2501 214 2563 est.
238 2500 286 2564 ita
303 2500 444 2583 habitas,
466 2502 503 2564 ut
521 2498 582 2562 tibi
601 2499 699 2563 etiam
717 2501 972 2584 tranquillitates
992 2501 1115 2585 eligere

156 2586 324 2651 fastidiose
341 2587 448 2652 liceat.
473 2607 550 2650 sane
568 2590 681 2650 tamen
700 2587 841 2653 adversis
860 2590 1113 2672 tempestatibus

158 2678 190 2740 et
220 2674 437 2739 saevientibus
468 2694 502 2739 se
532 2675 625 2740 undis
656 2676 770 2741 offerre
801 2677 947 2742 libuerit:
983 2699 1024 2743 ne
1051 2678 1116 2745 hoo

159 2762 286 2846 quidem
309 2762 537 2846 periculosum.
565 2765 727 2830 venientis
746 2765 832 2830 enim
850 2766 967 2831 fluetus
988 2770 1021 2831 et
1039 2789 1115 2833 oon·

232 2989 354 3044 lRomd
375 2990 455 3059 Aul
478 2990 632 3062 miramini]
652 2994 788 3046 natum?
810 2995 820 3062 ΙΙ
844 2998 858 3046 7
878 2993 943 3063 nisi]
963 2992 1032 3047 nis
1055 2996 1065 3064 fl
1086 3001 1119 3049 11

160 3062 223 3117 dico
243 3060 396 3116 etiamnum
414 3060 507 3116 vivere
526 3061 570 3116 Fr
588 3065 597 3132 u
618 3068 651 3117 15
679 3063 720 3117 de
748 3080 900 3120 amoeno
927 3063 1044 3119 litore
1069 3066 1120 3136 Al}

164 3139 197 3186 16
222 3130 387 3187 alluitur
409 3138 432 3185 Δ
450 3133 459 3203 {l
480 3137 511 3186 17
532 3132 657 3188 subsedit
675 3138 738 3201 AB,
757 3150 825 3189 corr.
846 3135 889 3190 Fr
903 3135 912 3205 ΙΙ
934 3141 966 3190 19
986 3135 1034 3206 au]
1055 3136 1121 3192 avia

162 3207 182 3255 B
206 3205 215 3274 ΙΙ
237 3209 271 3257 21
291 3203 426 3274 elegimus
444 3207 494 3255 AB
508 3205 517 3273 l
538 3209 642 3258 21-22
662 3204 802 3260 decidenti
820 3205 865 3260 vie
883 3206 1019 3260 undarum
1038 3211 1072 3274 B,
1093 3208 1119 3262 d.

163 3274 224 3328 viae
243 3292 270 3329 u.
290 3278 310 3325 1’
328 3276 338 3344 ΙΙ
360 3281 393 3329 22
414 3274 549 3329 estuantis
567 3279 587 3326 B
610 3276 619 3345 ll
642 3281 675 3330 23
695 3277 853 3399 opflortuna
871 3281 935 3345 AB,
963 3293 1032 3332 corr.
1052 3276 1097 3333 Ro
1112 3279 1120 3349 ll

163 3345 230 3398 sedis
248 3350 296 3413 Aa,
316 3345 479 3412 seundirAb,
498 3361 591 3400 seeum
605 3351 625 3398 B
639 3349 649 3416 ΙΙ
661 3344 717 3415 ipsi
756 3347 882 3402 abitandi
899 3349 991 3417 31124
1010 3349 1120 3404 occasio

163 3414 207 3481 Pi,
227 3415 381 3471 oblectatio
401 3417 442 3472 Gr
464 3417 474 3485 l
496 3421 531 3470 25
548 3415 763 3487 tranquillitatis
782 3417 835 3487 ΒἸΙ
857 3423 890 3472 ‘27
911 3418 1118 3474 sevenientibus

163 3489 211 3550 Aa,
231 3486 435 3562 scaevientibus
455 3487 491 3556 (et
507 3488 632 3545 simditer
648 3492 752 3558 postea)
771 3491 814 3558 1³ss
828 3489 954 3543 secundis
972 3493 993 3541 B
