2392 3862
166 214 231 279 386
532 214 762 281 QUINTILIANI

569 428 723 497 OGGIN.

430 554 546 620 Tutor
570 554 741 623 lenocinii
762 569 861 621 reus.

165 697 315 782 Pupillus
340 720 411 762 cum
435 701 544 762 tutore
568 696 688 781 agebat
709 699 841 781 tutelae,
863 700 954 763 tutor
977 721 1056 765 cnm
1078 723 1143 785 pn-

253 787 333 872 pillo
367 785 528 851 adulterii.
577 786 770 850 remiserunt
801 786 941 852 invicem
973 789 1143 857 actiones.

130 888 145 938 5
254 873 408 941 lenocinii
430 876 521 938 tutor
543 895 616 939 reus
641 879 698 939 est.

559 1067 732 1134 SERMO.

231 1212 345 1277 Fuisse
377 1210 535 1295 quosdam
569 1211 736 1294 utriusque
768 1211 917 1275 inimicos
949 1209 1004 1275 hic
1037 1215 1141 1280 tutor

166 1301 263 1385 dicet,
287 1301 343 1385 qui
366 1301 407 1364 ab
431 1300 525 1365 initio
549 1299 686 1364 moleste
710 1299 854 1383 tulerint,
876 1319 941 1364 non
964 1299 1051 1382 ipsis
1076 1325 1140 1386 po·

164 1391 229 1455 tius
266 1390 414 1455 relictam
447 1410 517 1453 esse
549 1389 686 1453 tutelam
719 1392 764 1471 et,
802 1388 956 1473 quoniam
988 1389 1032 1453 ab
1068 1389 1138 1458 hae

114 1493 147 1543 ιο
166 1478 286 1562 praeda
314 1477 434 1542 exclusi
463 1477 542 1559 sint,
572 1476 756 1541 distulerint
785 1498 859 1561 spes
873 1499 958 1542 suas
982 1477 1018 1541 in
1043 1479 1138 1546 diem

165 1566 215 1631 ult
216 1567 317 1631 imum
349 1565 484 1647 tutelae,
517 1568 554 1629 ut
587 1565 700 1629 rudem
733 1568 766 1629 et
792 1565 978 1648 imperitum
1009 1568 1139 1651 pupilli

166 1658 306 1718 aetatem
334 1616 501 1719 fraudibds
525 1654 591 1718 suis
615 1653 923 1719 circumscriberent
959 1675 994 1719 se
1016 1659 1138 1723 autem

164 1743 366 1807 tutelaet
314 1745 366 1807 rat
368 1743 536 1826 iones,ut
499 1742 716 1826 utdebebat,
745 1742 932 1807 reddidisse.
982 1746 1137 1810 ceterum

165 1835 312 1897 metuent
297 1836 378 1914 t,em
409 1853 450 1895 ne
483 1830 635 1895 dimissus
668 1853 687 1894 a
715 1852 749 1895 se
781 1830 923 1915 pupillus
956 1831 1136 1900 fraudibus

114 1935 147 1986 ιι
166 1926 199 1986 et
227 1920 394 1986 insidiis
384 1920 589 1985 mimicorum
612 1919 941 2003 circumscriberetur,
967 1919 1061 1985 velut
1085 1922 1136 1986 al-

165 2012 269 2075 terum
301 2009 369 2074 eius
397 2009 533 2073 tutelam
562 2012 730 2095 gesturum
757 2009 792 2072 in
819 2008 915 2073 domo
944 2008 1136 2078 retinuisse.

165 2102 243 2164 tunc
266 2120 341 2164 vero
365 2097 602 2163 consurrexisse
621 2097 707 2180 illos,
731 2097 786 2181 qui
804 2096 942 2162 tutelam
959 2097 1042 2182 ipsis
1061 2119 1135 2165 non

166 2188 374 2253 commissam
410 2187 545 2251 moleste
576 2185 734 2269 tulerant,
770 2188 804 2249 et
838 2185 981 2270 graviter
1012 2207 1135 2253 excan-

166 2276 282 2361 duisse,
310 2297 351 2341 ne
376 2279 508 2360 peraeto
535 2275 665 2359 quidem
683 2273 807 2338 tutelae
825 2276 971 2359 ternpore
991 2273 1134 2343 adorno

112 2381 146 2431 ιο
166 2365 286 2429 tutoris
309 2364 468 2449 pupillum
492 2363 626 2447 dimitti,
649 2362 775 2427 nullam
794 2363 995 2428 occasionem
1013 2362 1057 2428 ad
1077 2363 1136 2429 de·

168 2453 371 2536 spoliandum
395 2452 583 2535 imperitum
606 2452 755 2516 iuvenem
773 2449 851 2515 deri.
883 2450 1048 2536 cogitasse
1067 2451 1134 2538 igi-

165 2543 232 2624 tur,
266 2539 536 2625 quemadmodum
573 2539 733 2622 pupillum
766 2561 803 2604 cc
834 2543 977 2607 tutorem
1011 2543 1134 2608 mutuo

167 2627 279 2694 dolore
303 2627 528 2693 distraherent.
573 2649 649 2692 nam
676 2628 703 2691 si
725 2627 868 2694 rationes
891 2630 1021 2694 tentum
1044 2628 1135 2695 infa-

167 2720 307 2799 marent,
338 2716 493 2781 videbant
519 2716 678 2799 futurum,
708 2719 744 2780 ut
776 2717 900 2802 optima
927 2716 1134 2785 conscientie.

113 2819 147 2870 ιι
167 2808 257 2870 tutor
282 2825 349 2869 non
373 2808 559 2888 expectaret
581 2805 729 2869 ultimam
749 2805 989 2871 contentionem
1007 2805 1135 2892 iudicii,

168 2893 225 2958 sed
251 2915 310 2978 per
343 2915 529 2959 communes
558 2894 678 2958 amicos
710 2893 973 2980 propinquosque
1008 2895 1134 2980 pupilli

168 2982 381 3048 satisfaceret.
426 2981 587 3047 invenisse
616 2981 691 3046 illos
718 2982 892 3065 rationem,
920 3005 985 3067 qua
1013 2987 1135 3051 mutuo

168 3071 279 3137 dolore
303 3070 535 3137 distraherent:
562 3070 762 3135 summisisse
785 3071 841 3156 qui
865 3071 1018 3154 dicerent,
1042 3072 1135 3138 male

166 3163 251 3225 tract
253 3163 322 3225 stes
352 3183 372 3225 a
398 3163 506 3225 tutore
534 3159 690 3224 rationes:
722 3181 789 3225 non
817 3160 927 3225 omnia
949 3180 1048 3224 nosse
1071 3182 1135 3246 pu·

239 3355 304 3407 lut
305 3352 361 3423 risq
363 3371 397 3408 ue
415 3358 439 3407 A
457 3355 466 3422 ΙΙ
490 3353 688 3409 StuleruntB
709 3355 719 3422 ΙΙ
743 3357 776 3406 13
796 3351 975 3407 debebuntB
1022 3356 1136 3412 tec-21

164 3425 193 3478 te
213 3443 225 3478 s
227 3424 391 3493 poliendum
410 3425 502 3494 Bss23
521 3422 903 3493 distraherentdfltll-
870 3423 961 3477 -24
1121 3429 1137 3483 ι

166 3442 246 3562 up
248 3510 317 3551 corr.
336 3495 380 3549 Ro
402 3497 413 3565 ι
434 3500 469 3549 26
494 3494 702 3564 propinquosB
725 3495 735 3563 l
757 3497 792 3547 28
811 3493 998 3549 summisse!
