2392 3862
326 237 645 294 DECLAMATIONES.
664 237 855 294 CCCXXXVI.
1008 237 1072 302 321

113 402 271 486 corporis:
284 400 481 485 <iam>mihi
491 422 532 464 ne
543 403 685 465 mentem
695 400 825 484 quidem
834 401 916 466 satis
926 404 1074 466 constare

113 492 222 556 credo:
246 493 371 556 domum
394 510 464 554 urm
481 488 652 571 venissem,
674 509 807 553 uxorem
826 489 1006 555 adulteram
1025 511 1074 555 oe-

112 579 265 645 oidissem
294 578 497 662 <adulterum
524 576 744 642 vulnerassem
774 576 829 660 et>
856 581 971 662 postea
998 578 1074 662 <te>

112 668 146 732 in
171 668 266 732 domo
289 666 433 731 viderem
456 665 674 731 vulneratum:
702 665 918 749 interrogavi,
946 666 1074 750 quista

112 758 325 821 vulnerasset.
367 754 449 836 [sed]
478 754 596 840 dignus
621 776 693 819 sum
716 757 835 818 morte:
859 754 1016 819 infamavi
1039 761 1108 820 tea

114 844 285 909 adulterio,
307 844 341 907 in
355 843 499 909 latrones
510 843 740 909 incideramus:
752 863 811 927 ego
821 847 855 906 te
865 843 1075 926 interrogavi,

115 933 187 1015 quis
211 931 426 997 vulnerasset!
459 954 540 1016 non,
562 931 625 1016 fili,
648 932 805 1017 maligne3
834 931 890 996 sed
914 930 1074 1015 quomodo

115 1020 268 1085 excidunt
289 1021 393 1086 multa
415 1020 482 1102 his,
506 1020 563 1105 qui
586 1022 798 1104 expaverunt:
825 1020 995 1105 perculsus
1017 1019 1075 1086 illo

113 1113 203 1174 metu
225 1109 384 1195 ignoravi,
408 1110 484 1193 quid
507 1108 656 1174 facerem.
692 1108 771 1173 mali
794 1109 881 1174 istud
905 1109 1000 1174 aliter
1024 1129 1074 1173 ac-

112 1198 244 1281 cipiunt.
299 1199 423 1264 irascor
455 1197 605 1262 manibus
637 1197 733 1276 meis,
772 1197 857 1281 quod
890 1197 1075 1262 adulterum
1096 1211 1128 1260 10

111 1290 241 1352 tantum
273 1287 526 1352 vulneraverim:
561 1285 653 1351 nulla
685 1285 726 1350 ad
757 1287 790 1349 te
821 1286 1000 1369 pertineret
1026 1286 1074 1350 in-

112 1375 227 1456 famia,
255 1376 284 1438 si
311 1374 509 1440 occidissem.
554 1396 640 1439 nuno
670 1394 845 1459 congruere
877 1374 957 1440 haee
989 1374 1075 1438 inter

114 1484 148 1527 se
177 1462 339 1528 videntur:
372 1463 456 1528 falso
489 1462 632 1548 quidem3
665 1463 815 1528 videntur
848 1465 966 1528 tamen.
1013 1482 1074 1548 ego

113 1551 222 1616 nescio
242 1573 337 1637 quem
355 1551 537 1617 vulneravi:
556 1555 592 1617 tu
611 1553 801 1617 vulneratus
821 1574 864 1617 es.
892 1574 960 1617 non
978 1551 1073 1636 prod-

114 1645 164 1704 est
185 1641 294 1725 nobis,
317 1641 402 1724 quod
426 1661 565 1706 noverca
590 1645 647 1706 est.
679 1641 847 1705 hominum
865 1640 1074 1725 iniquitatem
1095 1653 1128 1702 15

112 1751 154 1793 ne
183 1729 257 1794 odio
286 1730 415 1813 quidem
445 1730 656 1795 defendimus.
703 1750 763 1814 ego
792 1733 934 1794 tenuno
958 1729 1075 1793 sinon

112 1838 289 1902 curassem,
321 1818 447 1884 viderer
474 1818 577 1882 filium
606 1817 770 1883 occidisse.
819 1817 905 1882 hanc
937 1836 998 1900 ego
1026 1817 1074 1880 in-

113 1906 248 1971 famiam
272 1907 355 1972 ferre
377 1929 443 1972 non
466 1928 608 1991 possum.
651 1909 708 1969 tua
732 1905 798 1968 alia
819 1905 904 1969 ratio
929 1908 991 1968 est:
1014 1903 1076 1967 tibi

112 1994 213 2080 longa
232 1995 302 2058 vita
320 1998 475 2079 superest.
504 1993 628 2077 poteris
647 1992 827 2075 adprobare
846 1990 1076 2076 innocentiam,

114 2102 187 2145 cum
224 2081 352 2146 duxeris
389 2102 537 2164 uxorem,
574 2082 647 2146 cuni
679 2079 776 2144 fidem
807 2079 857 2144 illi
889 2079 1073 2144 maritalem
1093 2095 1128 2144 2ο

113 2168 330 2255 praestiteris,
360 2190 433 2234 cum
460 2168 561 2234 totius
590 2173 623 2233 te
647 2169 733 2233 vitae
756 2168 901 2252 gravitas
925 2166 1076 2234 resolvet.

115 2279 175 2343 ego
196 2259 293 2322 etiam
313 2258 341 2323 si
359 2257 436 2323 nolo
456 2258 548 2341 mori,
567 2256 689 2322 moriar
707 2259 880 2340 antequam
895 2256 1076 2322 adulterum

113 2346 287 2411 inveniam.
341 2346 401 2411 Vis
440 2345 578 2411 adiciam
615 2345 719 2410 adhoc
751 2366 864 2410 causas
895 2343 1078 2410 moriendi?

112 2435 237 2501 irascor
252 2435 328 2500 tibi:
353 2436 463 2501 nescio
488 2457 583 2520 quem
607 2434 701 2499 illum
725 2434 869 2499 invenire
887 2456 955 2500 non
972 2437 1075 2518 potes.

113 2524 210 2589 debet
228 2523 316 2590 istud
335 2524 461 2609 ignosci
475 2546 567 2589 meae
582 2523 754 2589 senectuti:
773 2527 810 2587 tu
823 2544 882 2588 nec
897 2522 1076 2607 quaesiisti.
1095 2538 1128 2587 25

463 2715 717 2785 CCCXXXVI.

247 2839 342 2922 Ager
364 2843 564 2909 communis
588 2842 625 2908 et
647 2857 757 2908 novae
779 2841 936 2909 tabulae.

114 2966 232 3032 Pactus
266 2989 338 3032 cum
365 2968 467 3034 fratre
496 2969 632 3051 maiore,
663 2970 700 3031 ut
728 2985 843 3051 agrum
872 2987 1074 3030 communem

203 3058 376 3140 paternum
408 3057 464 3121 ille
493 3056 669 3140 susciperet
697 3059 730 3120 et
758 3055 846 3121 omni
875 3055 942 3119 aeri
971 3053 1075 3118 alieno

187 3237 201 3283 1
220 3229 319 3303 (iam)
333 3229 378 3285 Ro
392 3233 402 3300 n
416 3232 527 3285 constat
541 3235 563 3282 Δ
576 3232 586 3300 t
600 3235 616 3284 2
635 3245 699 3284 cnm
713 3227 908 3283 convenissem
926 3232 987 3294 ΑΒ,
1007 3243 1076 3284 corr.

114 3301 156 3356 Gr
178 3301 188 3370 ΙΙ
212 3308 227 3355 3
247 3300 445 3375 ⁸<adulterum
464 3300 655 3355 vulnerassem
675 3300 725 3373 et>
747 3301 757 3367 l
779 3297 849 3370 (te)
867 3298 925 3352 Aer
938 3299 947 3366 ΙΙ
966 3304 982 3352 5
1002 3299 1063 3369 [sed

118 3372 174 3426 Obr
212 3378 243 3426 11
263 3372 430 3442 pertinetret
448 3377 488 3425 Aa
502 3372 511 3440 ΙΙ
527 3377 559 3425 12
574 3387 696 3440 congrue
709 3375 730 3423 B
744 3373 753 3440 ΙΙ
769 3373 872 3423 17-18
886 3368 1023 3423 infamam
1041 3371 1078 3441 Al

118 3447 150 3495 18
200 3442 265 3510 ‘qua
283 3447 307 3495 Δ
320 3442 329 3512 ΙΙ
343 3448 377 3498 22
398 3445 473 3498 enim
491 3447 548 3510 AB,
567 3459 636 3498 corr.
653 3441 697 3496 Fr
710 3441 720 3510 ΙΙ
734 3439 904 3494 adulterium
922 3446 942 3492 1³
959 3442 969 3510 ΙΙ
988 3447 1021 3495 23

116 3512 172 3567 hoo
190 3517 247 3583 AB,
267 3530 336 3569 corr.
352 3513 396 3568 Ro
409 3515 419 3584 ΙΙ
433 3520 467 3568 28
485 3517 618 3582 pactus
636 3518 660 3566 Δ

169 3611 309 3662 Quintiliani
323 3612 395 3664 dael,
409 3613 444 3653 ed.
457 3613 541 3655 Ritter.
888 3605 930 3653 Ἃ
1108 3572 1135 3637 Ι
