2392 3862
505 228 731 298 condrensi

540 442 700 511 CCCLX.

285 568 349 638 Lis
373 569 416 635 de
440 568 586 636 dotibus
611 586 735 638 socrus
761 569 798 635 et
820 585 947 634 nurus.

99 769 102 781 ,
139 714 254 780 Perus
288 730 393 778 resno
427 729 531 778 noers
563 729 761 777 Hennaeus.
817 710 982 789 Quaedam
1017 712 1112 794 apud

230 804 333 867 filium
357 803 475 866 emisso
499 801 569 866 viro
594 801 704 866 dotem
727 799 868 884 reliquit.
912 798 1112 865 adulescens

106 910 121 959 5
231 892 328 956 dueta
350 911 450 955 uxore
475 889 589 954 dotata
611 889 758 954 decessit.
790 909 841 952 res
863 886 1018 952 solvendo
1039 910 1112 954 non

231 983 288 1046 est.
329 979 527 1044 contendunt
551 1000 662 1043 socrus
686 981 718 1041 et
736 999 845 1061 nurus,
868 979 943 1041 utra
959 977 1112 1060 primum

233 1069 342 1134 dotem
366 1067 511 1151 accipiat.
838 1079 839 1084 ’

535 1241 709 1308 SERMO.

149 1415 152 1419 ι
210 1370 380 1436 Mulierem
408 1369 500 1434 illem
529 1389 656 1433 socrum
684 1390 784 1433 nurus
812 1367 898 1432 dicet
924 1365 1009 1432 hene
1040 1370 1111 1435 rui-

90 1475 124 1526 10
141 1482 218 1525 nam
246 1457 435 1545 patrimonii
462 1460 538 1539 post
560 1460 700 1522 mortem
726 1456 790 1521 viri
813 1455 926 1520 statim
949 1457 1112 1524 sensisse:

142 1571 209 1614 non
238 1546 414 1631 sumpsisse
442 1545 564 1628 dotem,
592 1567 633 1609 ne
663 1550 696 1609 et
717 1545 821 1610 filium
845 1543 1050 1610 decoloraret
1074 1551 1112 1613 et

145 1636 255 1700 dotem
278 1655 405 1719 quoque
429 1633 584 1717 perderet.
621 1635 732 1716 itaque
751 1635 849 1699 etiam
868 1634 1017 1713 dotatam
1036 1635 1111 1701 filio

144 1725 310 1810 quaesisse
333 1743 475 1804 uxorem,
498 1744 561 1806 quo
585 1721 713 1786 facilius
732 1728 844 1807 posset
862 1723 986 1786 ruentis
1006 1725 1112 1807 petri·

143 1813 245 1879 monii
268 1815 428 1890 rationem
451 1810 573 1876 fulcire.
621 1809 731 1894 addat,
761 1811 898 1876 donasse
920 1808 1012 1876 illem
1036 1811 1110 1879 filio

92 1919 125 1968 15
143 1902 349 1988 petitionem:
368 1900 473 1983 hodie,
492 1900 569 1984 quie
587 1898 814 1983 decess<er>it‚
831 1902 1019 1965 retractare.
1044 1898 1111 1966 sed

145 1995 177 2056 et
200 1990 410 2077 praescribet.

455 2163 793 2232 DECLAMATIO.

93 2313 94 2316 ’
212 2292 290 2358 Sero
318 2291 416 2376 petis,
444 2294 477 2355 et
507 2291 594 2356 eliud
617 2288 861 2374 patrimonium
876 2291 933 2355 est.
965 2292 1003 2354 tu
1029 2291 1110 2358 dum

142 2383 237 2446 heres
267 2380 375 2444 mariti
405 2380 454 2443 tui
478 2384 561 2462 erat,
589 2401 609 2442 e
630 2378 699 2443 filio
723 2381 833 2462 petere
857 2377 1013 2459 debuisti:
1045 2401 1109 2466 ego

90 2486 124 2535 20
144 2491 183 2534 ex
219 2469 313 2533 bonis
346 2467 457 2531 mariti
489 2467 554 2530 mei
586 2469 706 2548 repeto.
760 2488 837 2532 nam
870 2467 952 2531 duee
981 2472 1110 2535 mortes

143 2558 337 2622 maritorum
360 2554 503 2619 diverses
527 2555 746 2623 successiones
769 2555 899 2620 hebent.
931 2554 1020 2620 bone
1038 2578 1110 2623 me-

143 2646 200 2710 riti
241 2644 306 2708 mei
337 2645 442 2708 morte
484 2643 552 2707 eius
588 2642 676 2707 facte
717 2647 810 2708 sunt:
861 2643 936 2708 dum
973 2643 1110 2730 viveret,

143 2732 246 2818 petris
270 2732 409 2796 fuerunt.
454 2730 523 2796 Dos
547 2736 609 2816 est,
640 2732 668 2796 si
697 2754 717 2796 a
743 2733 813 2798 viro
841 2735 898 2797 aut
921 2733 961 2797 ab
985 2731 1109 2801 herede

145 2820 221 2887 eius
238 2823 419 2907 repetatur:
441 2825 479 2885 tu
503 2821 622 2885 amisso
646 2820 716 2885 viro
741 2842 814 2886 oum
838 2820 947 2887 dotem
965 2843 1034 2886 non
1051 2845 1109 2907 pe

92 2926 125 2976 25
145 2911 226 2995 sisti,
248 2909 355 2974 fecisti
378 2909 535 2974 creditum
560 2930 597 2973 ex
622 2908 706 2973 dote.

215 3126 230 3175 5
251 3120 418 3176 solvendo
437 3126 460 3172 Δ
478 3122 517 3190 116
537 3120 644 3189 primus
662 3123 686 3172 A
700 3121 710 3188 11
733 3124 767 3172 14
785 3119 894 3174 fulcio
912 3120 1007 3188 Δ115
1029 3120 1109 3191 quie]

112 3195 115 3200 '
143 3210 176 3262 qr
194 3197 271 3245 e-I’
295 3195 304 3262 11
327 3191 469 3246 *decessit
487 3197 517 3257 Δ,
537 3208 586 3245 om.
605 3192 650 3260 llll
674 3197 707 3245 16
725 3195 759 3236 U
778 3191 811 3244 ic
828 3207 914 3260 morp.
934 3191 980 3260 Δ1
1004 3195 1038 3246 18
1059 3191 1110 3247 du·

144 3265 210 3318 dum
230 3267 271 3316 Ae
289 3269 314 3318 et
331 3264 390 3319 edd.
404 3266 414 3332 1
428 3269 463 3317 24
481 3263 595 3332 petatur
612 3262 722 3331 deleo
743 3262 804 3316 dos
822 3265 846 3314 Δ
873 3267 876 3272 “
