2392 3862
291 250 611 307 DECLAMATIONES.
637 251 843 308 CCCXXXVII.
976 253 1041 317 325

476 411 649 479 SERMO.

147 535 297 603 Summae
320 540 430 622 partes
455 541 531 602 sunt
554 537 738 622 aequitatis.

390 711 729 779 DECLAMATIC

144 837 242 902 Pater
264 837 359 902 nobis
382 837 468 901 idern
491 836 571 922 fuit,
597 837 832 902 eadem·0nera
854 838 962 922 nobis,
992 861 1042 905 ea·

79 927 152 990 dem
170 926 258 991 bona
276 925 420 1010 reliquit:
439 948 495 991 aur
513 929 549 991 tu
570 927 714 1010 locuples
734 925 790 990 es?
809 927 894 1010 apud
912 929 945 990 te
964 943 1077 1012 agera

79 1017 182 1099 totus,
216 1035 275 1097 pro
308 1036 371 1099 quo
399 1013 484 1079 nihil
512 1014 702 1099 inpendisti,
733 1014 817 1080 nihil
848 1016 1041 1081 numerasti:

79 1124 140 1189 ego
164 1103 283 1188 nudus,
312 1124 373 1189 ego
402 1123 531 1188 egenus.
576 1106 646 1167 erat
668 1103 730 1168 hoe
752 1104 940 1187 tolerabile,
969 1127 1042 1170 cum

78 1192 202 1257 viderer
229 1190 265 1256 in
292 1212 389 1274 aequo
411 1195 518 1256 tecum
541 1192 678 1276 positus.
724 1192 830 1257 aufers
859 1193 941 1257 mihi
965 1193 1042 1258 eivi-

77 1281 155 1344 tatis
179 1280 370 1346 beneficium
390 1283 423 1344 et
442 1297 493 1344 me
513 1280 559 1344 sic
577 1280 743 1365 relinquis,
766 1285 935 1366 tamquam
948 1285 1042 1367 pater

77 1372 207 1452 praeter
235 1390 289 1434 aes
319 1369 459 1433 alienum
486 1367 569 1432 nihil
598 1369 773 1452 reliquerit.
819 1373 890 1435 tum
914 1391 1041 1455 quoque
1062 1387 1095 1436 10

77 1456 199 1521 invitus
226 1456 303 1522 feei:
337 1458 454 1522 aetatis
485 1478 575 1522 meae
602 1457 789 1523 infirmitate¹
814 1459 970 1524 consului.
1008 1457 1041 1524 si

78 1544 256 1609 hereditate
288 1546 351 1611 tibi
383 1564 461 1630 ager
489 1547 551 1610 iste
578 1547 732 1629 venisset,
763 1547 938 1612 inhumane
968 1569 1041 1613 eum

77 1632 178 1698 fratre
206 1654 271 1699 non
298 1635 477 1718 partireris,
527 1657 593 1699 non
625 1638 754 1700 tantum
784 1637 951 1720 sanguini·
981 1658 1041 1701 nos

77 1722 149 1786 iura
172 1723 385 1807 coniungunt:
412 1723 536 1808 aliquid
559 1728 592 1790 et
614 1723 687 1808 ipsa
708 1725 896 1809 necessitas,
920 1724 1043 1809 aliquid

77 1817 110 1875 et
132 1811 206 1894 ipsa
230 1812 376 1878 societas.
513 1876 521 1886 ,
1062 1828 1095 1877 15

426 2018 701 2088 CCCXXXVII.

276 2141 413 2209 seditio
437 2144 564 2226 populi
586 2144 624 2210 et
646 2143 841 2212 exereitus.

78 2269 144 2346 QUI
168 2284 296 2333 clusas
319 2286 357 2331 ln
382 2285 520 2334 senisu
542 2286 791 2334 vonunraman
815 2287 946 2336 nourls
968 2289 1042 2338 non

166 2373 450 2441 Anraoaevnrus,
469 2375 683 2424 luseramus
698 2375 895 2424 sammua.
909 2353 1042 2445 Pauper

167 2450 199 2510 et
232 2445 322 2510 dives
351 2446 484 2514 inimici.
536 2447 666 2530 utrique
694 2447 808 2513 domus
837 2451 870 2512 et
897 2471 980 2514 uxor
1008 2453 1041 2514 et
1060 2465 1094 2516 20
1178 2493 1180 2497 -

165 2534 269 2599 liberi.
314 2535 380 2600 dux
407 2539 533 2602 oreatus
562 2535 650 2602 bello
678 2535 767 2601 dives
797 2558 869 2601 eum
897 2536 948 2604 bis
972 2539 1040 2604 aeie

166 2624 272 2689 vietus
297 2628 398 2708 esset,
420 2624 579 2709 processit
601 2646 737 2710 pauper,
766 2624 822 2709 qui
845 2628 878 2690 et
902 2625 1040 2693 disertus

167 2716 245 2797 erat,
269 2717 301 2777 et
319 2713 400 2778 dixit
418 2714 513 2797 prodi
530 2735 600 2778 rem
617 2713 783 2797 publicam
803 2736 823 2778 a
841 2714 948 2780 divite.
981 2717 1040 2780 im·

165 2806 259 2886 petus
287 2801 323 2866 in
352 2802 484 2867 domum
512 2801 622 2866 divitis
655 2801 760 2867 factus
790 2805 840 2866 est
869 2824 888 2867 a
916 2805 1039 2889 populo

167 2893 200 2954 et
218 2889 333 2954 domus
351 2891 484 2955 incensa
499 2892 532 2954 et
545 2889 710 2955 interfecti
728 2890 824 2956 liberi
843 2913 916 2956 cum
934 2914 1041 2958 uxore.
1061 2907 1095 2956 25

166 2978 246 3043 vicit
268 2978 368 3043 tertia
391 2979 459 3043 acie
483 2978 573 3044 dives
596 2979 686 3043 etin
708 2983 906 3063 potestatem
929 2980 1041 3046 hostes

164 3067 300 3152 redegit.
343 3067 502 3132 exereitus
526 3067 639 3132 divitis
664 3068 796 3133 domum
819 3069 971 3152 pauperis
994 3068 1042 3133 in·

147 3247 163 3296 8
182 3240 299 3296 videbar
317 3240 361 3295 Ro
375 3241 384 3310 l
398 3240 427 3294 in
446 3241 500 3294 hoe
518 3245 578 3308 AB,
597 3258 666 3298 corr.
681 3241 726 3297 Ro
745 3247 770 3297 et
787 3241 827 3294 Εἰ
840 3242 950 3322 lte-10
969 3244 1041 3296 tam-

76 3329 161 3392 quam
180 3307 1043 3466 pipinslipipnfflgppnsp,3apprpnpiprppppplsppplriap

76 3398 236 3508 heiedilate
255 3454 298 3508 Ro
317 3456 326 3523 ΙΙ
347 3460 379 3508 12
397 3453 451 3508 tibi
469 3469 519 3508 om.
538 3458 562 3506 Δ
579 3425 642 3525 ΙΙ’13
660 3425 791 3524 partieris
811 3459 863 3522 Aa,
886 3453 1038 3525 pepetiena

77 3528 98 3576 a
113 3526 122 3593 η
137 3530 169 3579 21
189 3525 232 3579 bis
252 3523 288 3579 ab
306 3525 367 3580 acie
385 3529 409 3577 a
422 3526 432 3595 ΙΙ
445 3530 480 3578 24
498 3523 527 3579 in
547 3525 630 3580 domo
650 3527 676 3581 d.
696 3529 747 3577 aa
761 3525 771 3594 p
785 3531 818 3581 aa
837 3526 938 3583 domus
954 3520 1133 3638 Δ..
