2392 3862
328 225 659 298 {nasammonas
677 224 848 285 cccxan
1010 224 1074 290 251

112 397 166 458 tra
188 413 241 457 me
263 391 316 474 sit,
340 391 421 455 satis
445 390 490 455 sit
513 389 641 474 utrique
663 392 808 454 vestrum
831 389 1008 474 separatim
1031 388 1076 453 di·

113 503 199 546 aere:
211 480 280 545 tibi
297 480 385 545 nolo.
408 476 483 562 „Sic
505 497 583 562 ergo
601 476 664 542 h'oe
681 477 890 562 respondebis
909 475 1078 563 semper?“

112 571 199 635 Puta
230 589 282 633 me
310 569 429 633 dieere:
461 587 594 651 querere
623 566 719 630 dete
742 571 839 650 atque
861 567 978 633 officiis
1001 568 1077 650 tuis,

113 660 261 743 quinon
283 657 377 721 aliter
399 656 555 721 meruisti.
588 654 727 720 fortasse
751 676 868 719 vexare
891 678 949 721 vos
971 656 1077 721 voluit

115 752 147 812 et
178 748 328 832 legatum
354 766 484 829 sperare
508 756 636 827 semper
668 748 702 808 et
735 743 869 808 alternis
897 744 1111 829 desperares

113 836 160 901 sic
187 835 274 901 tueri
300 854 353 898 me
381 834 471 918 volo,
498 837 535 898 ut
557 832 665 899 dicam
687 854 824 917 semper.
869 835 944 897 aute
967 833 1077 898 omnia

115 925 422 989 enimtestamento
445 927 573 1007 tempus
597 943 664 986 non
686 925 737 986 est
759 925 904 1005 eentum,
927 942 990 1006 quo
1015 922 1077 985 sol·

114 1035 203 1096 vam3
231 1033 269 1076 aa
297 1033 336 1076 ne
365 1012 470 1076 reveri
493 1010 625 1096 quidem
648 1011 764 1095 potuit.
807 1032 887 1075 nam
910 1011 966 1095 qui
988 1008 1077 1092 dicit,

114 1102 201 1166 »utri
230 1101 405 1166 malueris«
438 1104 470 1164 et
501 1104 630 1183 tempus
659 1120 726 1163 nou
758 1098 871 1181 adicit,
901 1097 1076 1163 manifesto

112 1189 192 1255 illud
216 1210 343 1274 quoque
367 1188 541 1274 signifieat,
564 1209 639 1252 oum
660 1187 812 1272 volueris,
835 1188 900 1253 utri
923 1187 1076 1270 volueris,
1097 1201 1130 1250 10

113 1279 229 1343 solves.
264 1277 369 1343 adhue
396 1297 473 1362 ergo
498 1276 595 1341 ambo
618 1276 759 1360 improbi
782 1277 876 1361 estio,
904 1277 1001 1341 ambo
1024 1296 1076 1340 oa-

112 1367 333 1432 lumniatores.
375 1387 471 1450 quam
504 1364 667 1448 sapienter
689 1367 851 1445 tacueras!
897 1365 926 1430 si
952 1365 987 1429 in
1014 1364 1077 1429 hoo

112 1475 365 1540 perseverasses,
388 1454 540 1519 videreris
564 1452 647 1524 mihi
665 1453 886 1537 verecundior3
911 1475 1075 1538 sperarem

113 1543 268 1627 futurum,
300 1547 336 1606 ut
368 1541 557 1627 diligentius
580 1564 727 1609 servares
757 1544 945 1628 pecuniam,
977 1530 1074 1627 quani

112 1653 179 1696 non
202 1631 313 1716 cupide
338 1653 522 1716 acceperas:
543 1653 629 1697 nune
652 1631 767 1716 incipit
789 1631 869 1696 mihi
892 1631 996 1697 videri
1014 1632 1073 1695 mi·
1095 1645 1128 1695 15

113 1743 174 1785 nus
198 1721 252 1785 ille
275 1742 434 1805 peccasse.
458 1721 603 1805 litigavit
622 1724 697 1786 ante
716 1721 982 1805 experimentum,
1006 1720 1073 1785 liti·

115 1810 206 1894 gavit
231 1814 306 1875 ante
330 1810 539 1876 sententiam:
563 1814 600 1874 tu
618 1830 684 1874 nou
707 1809 811 1874 eredis
834 1809 1004 1874 iudicibus.

113 1897 730 2069 aat’llllltllgtlltlpllletti
751 1897 1074 2068 illaillrtalmltl
1114 1990 1118 1995 ·

112 2097 152 2140 ex
174 2037 344 2140 volunta’te
366 2071 551 2138 defuncti?“
583 2071 706 2136 Neuter
727 2074 870 2135 vestrum
893 2070 998 2135 dicere
1018 2091 1075 2153 po·
1094 2088 1129 2136 20

112 2167 190 2245 test,
219 2162 282 2226 hoe
308 2166 465 2245 patronus
494 2160 565 2224 dari
587 2158 669 2223 mihi
691 2158 804 2224 voluit.
849 2158 966 2224 habuit
988 2158 1076 2222 hune

112 2252 271 2316 honorem
290 2250 379 2335 mihi,
402 2252 439 2314 ut
456 2249 542 2314 istud
562 2252 648 2317 esset
666 2247 858 2313 beneficium
876 2269 993 2312 meum.
1024 2248 1076 2312 ine

111 2361 191 2425 ergo
219 2340 354 2404 emereri
381 2338 478 2404 debet
505 2341 538 2402 et
561 2360 581 2402 a
605 2358 655 2402 me
678 2336 766 2403 istud
788 2341 913 2421 petere,
948 2335 1033 2421 qued
1057 2359 1076 2402 a

111 2432 252 2516 patrono
275 2450 342 2493 non
364 2427 468 2512 petiit.

177 2518 339 2603 Detegam
366 2517 460 2582 vobis
489 2515 693 2600 propositum
716 2515 811 2580 amiei
834 2515 913 2581 mei:
943 2514 1073 2580 meliori
1092 2532 1127 2581 25

112 2608 183 2673 dari
204 2607 318 2673 voluit.
354 2613 413 2672 hoe
437 2606 514 2670 seiri
534 2628 574 2670 ex
591 2605 769 2690 praeterita
791 2605 861 2670 vita
879 2609 988 2670 vestra
1007 2626 1074 2670 non

111 2700 232 2781 potest:
257 2696 379 2781 alioqui
397 2696 468 2783 ipse
487 2695 602 2761 scisset
618 2698 659 2776 et,
683 2695 711 2758 si
729 2694 797 2760 ulla
815 2693 978 2758 intervos
997 2693 1076 2759 fuis·

112 2791 162 2851 set
190 2786 383 2869 differentia,
415 2784 609 2849 nominatim
636 2783 830 2868 reliquisset.
875 2782 937 2848 hoo
964 2782 1080 2867 legato.

111 2875 239 2958 patroni
263 2874 364 2939 vestri
385 2894 516 2938 neeesse
539 2877 589 2938 est
612 2871 742 2956 utrique
764 2874 909 2937 vestrum
939 2870 1074 2956 diligen-

184 3089 198 3138 1
223 3082 261 3138 eit
280 3087 343 3152 post
367 3081 435 3136 satis
454 3097 504 3137 om.
522 3087 543 3135 B
561 3084 572 3152 1
590 3088 605 3135 2
625 3080 649 3135 si
667 3086 687 3134 B
705 3082 714 3150 11
732 3082 786 3135 hoe
804 3096 855 3135 om.
876 3083 899 3131 Δ
921 3079 931 3148 11
954 3085 970 3132 9
990 3094 1074 3146 quere

113 3157 176 3227 Aen
191 3160 207 3209 6
225 3156 258 3208 ut
276 3155 330 3210 hoo
350 3151 441 3207 dicam
461 3170 481 3208 e.
501 3152 545 3206 Ro
558 3154 598 3222 19
618 3151 688 3207 dioit
705 3157 725 3205 B
744 3154 753 3223 11
772 3148 954 3205 manifesto
974 3152 997 3200 Δ
1016 3149 1074 3216 110

111 3227 169 3282 utri
186 3225 309 3281 volueris
327 3241 377 3279 om.
397 3226 489 3292 1112
509 3239 588 3279 oau·
608 3225 774 3294 1113-14
792 3235 904 3290 sperare
921 3219 951 3274 in
970 3218 1022 3273 fut.
1040 3217 1076 3289 1111

114 3305 149 3353 14
166 3299 200 3352 ut
217 3313 266 3352 om.
277 3301 300 3349 Δ
313 3298 323 3366 1
339 3301 371 3350 16
389 3311 465 3365 peon.
485 3293 598 3364 litigavi
615 3296 661 3364 111
675 3293 717 3348 lit
732 3290 901 3349 seutentiam
914 3294 935 3343 B
949 3291 959 3358 l
974 3295 1006 3344 19
1022 3290 1077 3344 huo

112 3369 278 3438 1191-92
293 3366 380 3422 habui
393 3369 467 3420 huno
480 3366 544 3420 hon.
560 3366 593 3421 ut
607 3369 628 3419 B
642 3367 652 3435 l
665 3371 698 3421 23
719 3380 785 3433 ergo
805 3362 834 3416 et
852 3377 919 3418 mer.
933 3364 954 3414 B
968 3362 978 3431 l
992 3359 1077 3415 debes

112 3441 242 3509 191194
260 3438 378 3507 petisset
395 3441 453 3505 AB,
473 3435 609 3504 corallo,
627 3436 746 3506 petisses
762 3434 841 3502 Aerll
855 3437 889 3486 97
907 3431 1024 3489 lecisset
1040 3428 1079 3500 Pll

112 3510 192 3566 nulla
209 3514 230 3562 B
244 3511 254 3579 1
268 3513 301 3562 28
317 3509 443 3578 legatum
461 3513 482 3562 B
495 3510 505 3578 l
519 3513 553 3562 29
571 3508 668 3576 utique
686 3512 707 3561 P
