2392 3862
165 205 209 270 84
528 204 764 273 QUINTILIANI

64 416 67 420 ι
165 369 228 434 det
265 369 314 450 ei,
350 365 410 433 cui
443 367 627 432 iniuriam
660 368 817 451 fecerit,
854 368 982 434 decem
1015 369 1126 434 milia

165 455 353 523 civitati.“
387 477 453 521 non
477 456 504 520 si
527 456 608 522 haec
625 457 738 523 iuncta
757 460 853 542 atque
872 460 1025 523 contexta
1043 462 1129 543 sunl,

165 545 321 633 continuo
351 545 447 610 unius
475 545 559 629 legis
587 544 711 610 habent
737 546 804 611 rim
827 550 860 610 et
882 546 1126 629 proprietatem.

59 630 61 637 ’
164 633 197 698 id
221 634 269 698 sic
292 633 491 719 cognoscite:
522 633 602 699 duos
627 635 804 714 a[u]otores
828 634 966 718 habent3
988 655 1048 699 nac
1070 657 1128 720 po·

130 736 145 785 5
163 725 230 787 test
252 723 356 787 videri
374 744 439 787 una
457 722 518 806 lex,
541 722 633 789 euius
646 744 723 806 pars
739 723 779 787 ad
794 723 967 807 privatum,
989 745 1065 807 pars
1085 724 1128 788 ad

164 811 411 896 rempublicam
426 811 578 894 pertinet.
610 831 688 895 ergo
707 810 814 894 <et>si
832 811 943 877 iuncta
966 816 1042 876 sunt
1064 812 1129 877 ista

164 896 217 983 (ut
239 897 336 986 diiii),
361 900 440 964 duas
463 919 577 965 causas
601 898 732 966 habent.
768 921 845 983 pars
868 899 1024 985 collegis
1048 901 1128 984 eius,

165 1010 245 1071 quae
269 988 413 1054 vindicat
434 987 601 1072 templum.
637 1007 715 1071 crgo
734 991 772 1051 ut
789 987 979 1075 remittatur
995 988 1058 1053 tibi
1081 1010 1127 1072 ea,

164 1097 245 1159 quae
269 1077 411 1160 pertinet
434 1075 475 1141 ad
494 1077 665 1161 privatum,
687 1079 791 1142 restat
813 1097 859 1160 ea,
883 1098 965 1160 quae
984 1077 1127 1162 pertinet

113 1179 145 1228 10
165 1164 206 1228 ad
229 1165 404 1230 civitatem.
449 1164 531 1230 duae
554 1164 641 1229 onim
664 1169 740 1230 sunt
762 1165 901 1230 iniuriae
924 1165 958 1229 in
980 1165 1043 1231 hoc
1066 1169 1123 1231 tuo

165 1252 262 1337 facto,
285 1257 317 1318 et
340 1253 413 1318 ideo
436 1253 518 1318 duae
540 1274 673 1353 poenae.

231 1375 284 1441 An
317 1399 394 1443 vero
422 1377 568 1462 iniquum
601 1376 703 1441 videri
730 1380 852 1460 potest,
885 1398 972 1458 eum,
1004 1377 1060 1462 qui
1092 1378 1128 1442 in

163 1465 286 1548 templo
311 1465 499 1548 pulsaverit,
523 1464 633 1530 decem
656 1465 748 1529 milia
770 1465 897 1530 civitati
921 1465 1021 1530 dare?
1049 1466 1128 1549 quid

164 1553 250 1615 enim
275 1553 381 1637 magis
404 1553 440 1617 in
461 1553 528 1618 ulla
550 1575 586 1618 re
608 1553 739 1638 publica
762 1553 868 1618 curari
898 1553 1128 1638 observarique

112 1655 144 1706 15
164 1644 307 1724 oportet,
345 1663 442 1725 quam
475 1641 690 1727 religionem?
726 1663 805 1706 sane
836 1643 1018 1725 petulantia
1051 1643 1126 1707 aliis
1175 1634 1178 1642 ’

163 1729 243 1794 locis
267 1730 462 1795 mediocrem
485 1729 606 1795 habeat
629 1729 927 1814 reprehensionem:
950 1731 985 1794 in
1002 1732 1128 1814 templo

163 1839 250 1901 vero,
272 1819 307 1883 in
330 1841 394 1904 quo
418 1819 525 1884 verbis
547 1819 725 1903 parcimus,
747 1819 783 1883 in
805 1840 870 1903 quo
894 1819 1019 1884 animos
1043 1840 1127 1885 com·

163 1908 328 1992 ponimus,
351 1908 386 1972 in
419 1929 482 1992 quo
514 1908 651 1972 tacitam
682 1907 780 1973 etiam
808 1911 952 1972 mentem
980 1911 1128 1974 nostram

165 1997 378 2081 custodimur,
409 1997 539 2080 pulsare
569 1997 659 2061 velut
689 1995 725 2060 in
757 1995 945 2079 solitudine,
978 1998 1066 2062 velut
1094 1998 1128 2062 in

110 2100 146 2149 20
166 2089 289 2151 secreto
305 2085 459 2170 quodam,
477 2090 607 2152 nonest
625 2084 801 2150 ferendum.
832 2085 883 2151 dic
901 2107 1001 2173 nunc:
1018 2085 1127 2170 „igno-

164 2174 323 2239 miniosus
348 2173 445 2241 erat“.
486 2175 542 2240 sed
565 2176 599 2240 in
622 2174 753 2261 templo.
790 2175 895 2260 captis
919 2175 1054 2239 urbibus
1077 2175 1127 2238 vis

164 2262 309 2327 hostium
338 2285 377 2327 ac
405 2266 511 2327 metus
532 2262 692 2346 religione
715 2264 912 2346 templorum
936 2261 1128 2328 defenditur.

165 2351 221 2431 qui
243 2351 310 2414 iam
333 2372 424 2414 arma
446 2350 530 2414 ferre
553 2371 618 2415 non
636 2354 783 2433 possunt,
805 2351 861 2433 qui
879 2350 1020 2413 salutem
1035 2370 1128 2413 suam

163 2437 250 2499 tueri
272 2437 352 2520 fuga
374 2441 552 2521 nequeunt,
580 2437 665 2502 circa
688 2457 761 2501 aras
785 2437 898 2501 iacent
944 2435 979 2498 in
1002 2437 1127 2521 templo

95 2524 98 2529 ’
132 2525 306 2608 opulsasti
342 2524 521 2607 hominem3
557 2546 626 2589 rem
662 2524 864 2608 petulantem
898 2523 1006 2589 fecisti
1042 2525 1128 2592 inter

165 2633 269 2696 sacra,
306 2612 415 2678 fecisti
453 2611 702 2698 religiosissimo
736 2611 818 2678 loco.
872 2611 919 2678 Et
946 2616 1128 2698 utcumque,

165 2701 340 2766 temeraria
362 2701 447 2785 licet,
478 2700 589 2786 aliqua
611 2701 695 2766 ratio
719 2704 830 2766 tamen
854 2708 1026 2787 appareret
1047 2703 1128 2768 iacti

164 2790 226 2872 tui,
251 2790 279 2854 si
301 2790 426 2876 impetu
447 2791 558 2875 lapsus
582 2811 685 2874 esses,
716 2789 744 2854 si
767 2789 881 2856 ductus
904 2791 969 2856 ira:
1001 2791 1127 2856 nullam

164 2878 383 2961 petulantiam
407 2879 511 2964 magis
535 2878 603 2964 odi,
627 2900 726 2963 quam
749 2900 830 2962 quae
853 2901 888 2944 se
911 2884 1043 2964 propter
1065 2880 1128 2945 hoo

238 3105 371 3177 ratque]
392 3107 667 3175 collonicus
690 3107 699 3175 ll
722 3105 819 3160 4sill
842 3106 852 3176 ΙΙ
874 3106 1126 3178 a[u]ctores11crll

163 3195 221 3232 non
247 3182 302 3245 Aa,
331 3176 402 3232 haec
419 3180 455 3245 B,
482 3192 535 3232 nee
552 3180 593 3230 Ab
619 3178 629 3246 ll
652 3183 669 3232 6
692 3174 764 3249 (et)
782 3176 806 3230 si
823 3176 921 3247 ΒοΙΙΒ
948 3177 1129 3233 remittantur

164 3251 185 3303 t.
211 3266 234 3303 c.
258 3267 285 3317 q.
308 3247 451 3318 pertinent
477 3265 502 3304 a
531 3248 552 3304 t.
581 3249 690 3304 restant
716 3250 737 3299 B
765 3248 775 3317 ll
802 3253 818 3302 9
843 3246 880 3304 ad
906 3247 1044 3318 templum
1071 3253 1128 3316 AB,

164 3335 233 3373 corr.
252 3321 318 3388 Aer,
346 3319 382 3374 ad
400 3319 543 3390 pulsatum
562 3319 604 3376 Gr
621 3321 631 3390 ll
648 3317 791 3390 pertinent
808 3322 874 3372 Aa!
892 3320 902 3389 11
922 3325 955 3374 18
973 3320 1129 3391 pulsaverit

165 3423 213 3461 om.
234 3410 257 3460 Δ
279 3410 289 3478 11
318 3393 352 3461 i
369 3412 417 3462 AB
440 3409 450 3477 ΙΙ
472 3406 533 3462 dari
551 3409 604 3478 ΑΙΙ
631 3413 664 3464 15
682 3405 846 3478 putolantia
863 3411 886 3461 Δ
905 3408 915 3478 l
937 3413 970 3463 17
987 3407 1128 3477 >pascimus

164 3484 187 3530 Δ
200 3479 209 3547 ll
225 3483 257 3533 18
277 3477 364 3534 etiam
381 3480 499 3536 tacitam
517 3479 716 3553 mant21ll28
733 3477 778 3535 tui
795 3480 825 3535 et
842 3477 905 3534 sil
