2392 3862
387 219 703 278 nacnanarlonas.
724 218 810 275 cccl.
1009 219 1074 285 185

540 415 654 483 00οῙ.

323 541 439 624 Rapta
462 558 483 606 a
502 539 613 607 divite
635 556 701 623 pre
721 540 865 608 ancilla.

110 666 237 750 Pauper
261 665 395 732 divitem
417 666 570 731 invitavit
593 666 633 731 ad
657 687 779 731 cenam.
826 668 896 729 erat
918 649 953 731 in
975 667 1071 732 mini-

201 755 302 820 sterio
325 755 436 839 puella
458 755 618 839 pauperis.
665 755 884 838 interrogatus
907 777 1029 838 pauper
1052 778 1072 820 a

202 843 310 922 divite,
330 865 487 927 quaenam
506 846 600 924 esset,
621 843 703 908 dixit
722 843 882 908 ancillam.
906 842 1070 909 discedens
1090 863 1109 911 t

201 954 220 995 a
244 953 323 996 cena
347 932 435 997 dives
459 954 531 997 eam
554 932 675 1017 rapuit.
705 932 819 997 educta
843 931 883 996 ad
901 931 1072 1016 magistra·

201 1023 254 1084 tus
281 1021 388 1104 puella
417 1042 456 1087 ex
484 1022 556 1105 lege
585 1024 753 1105 raptarum
781 1020 912 1104 nuptias
938 1019 1072 1103 optavit.

202 1108 290 1174 dives
313 1114 444 1175 accusat
466 1131 642 1194 pauperem
666 1108 983 1192 circumscriptionis.

483 1263 681 1355 ‘suane

177 1410 288 1476 Etiam
313 1410 340 1474 si
364 1432 437 1476 reus
461 1414 511 1477 est
533 1410 586 1475 hic
608 1432 743 1497 pauper,
765 1432 832 1475 non
855 1414 966 1476 tamen
988 1409 1070 1475 mihi
1090 1428 1127 1477 10

111 1498 239 1564 videtur
263 1520 376 1583 aspere
400 1503 432 1564 et
455 1500 614 1565 concitate
638 1504 753 1565 contra
776 1500 907 1565 divitem
926 1501 1069 1565 acturus:

111 1609 179 1653 non
202 1592 329 1652 tantum
353 1591 521 1654 accusator
545 1588 633 1653 dives
657 1588 721 1669 illi,
750 1589 806 1654 sed
829 1609 929 1674 gener
952 1591 1015 1673 est,
1039 1592 1071 1653 et

110 1697 170 1742 nos
193 1698 259 1742 non
283 1699 393 1742 sumus
416 1676 575 1743 iracundi:
598 1679 695 1761 rapta
717 1677 849 1763 nuptias
874 1678 1009 1760 optavit.

416 1851 765 1922 DEOLAMATIO.

178 1974 213 2040 Si
240 1977 306 2041 alio
335 1980 508 2041 accusante
536 1975 675 2040 dicerem
698 1996 842 2059 causam,
876 1974 1017 2039 sciebam
1040 1979 1073 2040 et
1092 1989 1129 2040 15

109 2068 263 2147 expertus
291 2064 438 2147 proxime
466 2085 569 2145 eram,
597 2083 667 2127 esse
694 2061 790 2127 nobis
815 2083 950 2146 aequam
973 2063 1074 2127 etiam

111 2152 267 2217 adversus
303 2151 419 2216 divites
457 2151 651 2215 libertatem.
698 2149 753 2214 sed
781 2171 846 2234 me,
878 2171 1073 2234 quamquam

110 2239 339 2324 indignissime
360 2243 469 2324 petar,
497 2241 654 2303 nontam
678 2239 744 2322 lex,
772 2238 976 2322 quamratio
1000 2260 1072 2323 pro·

111 2328 203 2393 hibet
226 2351 245 2392 a
269 2328 432 2393 conviciis.

176 2416 252 2503 Ego
279 2416 365 2482 hunc
389 2418 529 2482 amicum
553 2437 681 2500 semper
704 2416 828 2501 optavi,
860 2415 960 2481 etiam
983 2421 1071 2482 ante·
1090 2433 1128 2482 20

111 2527 209 2589 quam
232 2527 337 2570 essem
360 2527 459 2590 socer,
483 2508 516 2571 et
539 2505 626 2572 colui
650 2509 683 2571 et
705 2505 827 2589 aliquid
852 2506 952 2571 etiarn
974 2527 1071 2590 supra

109 2595 196 2659 vires
224 2593 432 2660 facultatium
459 2616 604 2659 mearum
632 2594 667 2659 in
692 2594 883 2678 ‘excipiendo
912 2616 949 2659 ec
974 2617 1071 2659 ausus

111 2705 192 2748 sum.
230 2685 327 2767 atque
350 2683 384 2749 id
406 2705 458 2748 me
480 2683 598 2749 fecisse
621 2687 697 2749 ante
716 2683 824 2748 omnia
847 2683 1012 2766 confiteor,
1036 2686 1072 2748 ut

105 2776 278 2854 patenam
305 2771 441 2838 haberet
468 2772 536 2837 filia
566 2794 647 2836 mea.
683 2794 769 2838 nunc
792 2793 869 2838 vero
894 2793 967 2836 eum
990 2771 1072 2836 mihi

111 2860 244 2925 fortuna
271 2860 345 2944 ipsa
367 2879 521 2945 generum
545 2861 648 2946 dedit,
676 2882 772 2945 quem
795 2862 935 2926 maxime
958 2859 1070 2944 dilige·
1089 2872 1126 2922 at

109 2949 194 3013 bam.
231 2952 303 3013 tota
330 2948 441 3033 itaque
468 2948 563 3033 haec,
591 2970 674 3033 quae
701 2971 760 3033 pro
788 2949 975 3016 innocentia
998 2969 1071 3012 mea

110 3037 328 3122 adhibebitur,
345 3060 411 3104 non
428 3041 497 3102 tam
516 3037 660 3103 defensio
680 3038 749 3122 erit,
768 3060 864 3122 quam
880 3035 1072 3102 satisfactio.

183 3218 214 3266 11
235 3228 336 3282 aspare
354 3215 378 3264 A
395 3214 405 3282 1
422 3210 549 3266 cencit
566 3211 612 3280 Δ11
630 3212 756 3266 contrata
775 3212 868 3279 Δ1113
887 3207 951 3278 nes]
969 3207 1073 3262 nostris
1148 3233 1151 3239 ·

108 3282 175 3353 11011
190 3300 245 3338 ncn
260 3300 310 3339 ons.
324 3286 365 3335 Aa
377 3285 387 3351 1
400 3282 511 3337 abtavit
524 3285 572 3351 Aa,
593 3282 702 3337 ebtavit
715 3285 755 3334 Ab
769 3283 779 3352 11
794 3287 827 3334 14
841 3277 994 3336 *Narratio
1003 3281 1051 3331 Aa
1062 3279 1072 3351 11

111 3359 144 3407 15
164 3357 204 3409 sic
222 3356 313 3423 Ρ116
332 3354 407 3409 esset
423 3354 516 3421 Δ117
537 3350 654 3408 divitem
667 3357 708 3407 Aa
721 3354 732 3422 1
745 3355 852 3407 alasse
866 3353 889 3402 A
903 3351 912 3420 1
926 3348 1001 3404 celui
1020 3350 1071 3404 ali-

110 3424 178 3492 qnid
196 3427 219 3476 A
242 3426 251 3494 1
273 3439 373 3493 supera
394 3427 436 3476 Aa
457 3425 467 3494 11
490 3429 523 3478 22
542 3423 710 3480 facultatum
729 3427 749 3475 B
771 3424 782 3491 11
804 3426 839 3474 24
857 3421 998 3492 potiorem
1016 3425 1080 3488 Aa,

110 3510 179 3549 cerr.
200 3494 240 3548 Gr
254 3495 263 3562 11
277 3499 309 3548 27
331 3493 433 3549 satilf
448 3497 471 3546 A

1113 3564 1153 3636 1
