2392 3862
348 198 666 254 DECLAMATIONES.
694 199 795 257 OCCV.
987 201 1052 266 195

91 363 272 447 aestimate,
290 361 422 445 iudices,
446 361 523 445 quid
541 362 719 445 timuerint,
742 363 797 446 qui
815 362 877 428 hoc
896 363 1052 428 fecerunt.

90 452 236 538 quamvis
258 455 376 532 autem,
399 450 531 532 iudices,
555 449 678 514 adicere
699 451 856 515 invidiam
875 452 1050 517 sceleribus

89 562 243 606 numerus
268 540 383 622 soleat,
405 560 466 603 nos
490 541 602 603 tamen
626 538 864 625 confitebimur,
891 541 977 606 inter
1000 563 1050 607 so·

90 630 172 695 latia
200 628 320 694 doloris
344 627 450 693 nostri
474 647 544 692 esse
566 627 817 712 numerandum,
844 630 929 713 quod
953 631 1050 695 ambo

88 719 265 802 perierunt.
312 717 359 780 sic
382 715 518 780 miseros
543 717 715 800 commisit,
738 721 776 781 ut
799 717 828 782 si
850 740 933 782 unus
955 720 1086 784 vicis-5

90 810 150 890 set,
173 810 250 889 post
274 805 528 890 quinquennium
546 805 651 869 redire
669 827 737 870 non
754 808 874 888 posset
904 807 972 871 sive
989 808 1049 891 igi-

89 898 145 960 tur
169 899 318 960 constare
341 893 444 978 vobis,
474 893 604 978 iudices,
627 894 724 959 debet
746 894 843 959 ultio:
870 895 960 960 nulla
982 917 1050 959 um-

89 1005 188 1067 quam
217 1005 269 1047 res
297 982 343 1048 sic
371 984 484 1047 contra
506 982 595 1066 leges
620 984 805 1068 excogitata
827 987 885 1067 est,
909 983 1051 1067 (quam)

88 1075 126 1137 ut
144 1073 231 1137 intra
248 1072 329 1136 fines
351 1070 587 1154 deprehensum
603 1069 775 1155 (endem)
791 1073 866 1137 exul
881 1071 1050 1156 occideret,

88 1160 157 1226 sive
180 1160 381 1226 crudelitatis
404 1159 534 1243 exigere
553 1159 701 1240 debe[a]t
718 1182 857 1244 poenam
876 1164 985 1226 vestra
1002 1161 1050 1224 iu·
1071 1179 1104 1228 10

88 1250 192 1315 stitia:
214 1270 282 1313 non
305 1248 385 1313 satis
409 1247 536 1330 habuit,
560 1247 646 1332 quod
665 1249 819 1313 adversus
838 1249 977 1314 miseros
996 1250 1050 1314 lex

87 1338 172 1402 irata
200 1337 445 1421 conscripserat
496 1339 617 1419 quanto
645 1339 732 1402 enim
757 1338 889 1423 gravius
912 1337 1050 1402 tulerint

88 1425 300 1510 supplicium,
336 1446 433 1508 quam
471 1430 668 1510 meruerant,
704 1426 756 1491 vel
789 1427 836 1491 sic
868 1427 1049 1492 aestimate.

86 1515 149 1579 hoc
172 1513 322 1578 inimicus
347 1513 459 1597 elegit,
483 1516 516 1577 et
538 1514 688 1579 inimicus
711 1516 907 1599 pauperibus
930 1515 1048 1581 iratus:

86 1603 168 1667 haec
197 1603 283 1666 enim
311 1601 387 1667 odia
411 1601 569 1667 altissime
594 1603 722 1688 sedent,
749 1625 822 1669 cum
846 1605 963 1689 aliquis
985 1605 1048 1688 his,
1068 1621 1101 1670 15

87 1713 168 1775 quos
187 1691 396 1776 contempsit,
418 1690 578 1756 irascitur.
613 1693 819 1759 innocentiae
836 1693 956 1758 fiducia
973 1715 1047 1757 con-

85 1783 137 1844 tra
166 1801 243 1864 opes
271 1781 366 1844 istius
396 1783 569 1863 steterant,
597 1785 797 1846 nontamen
820 1781 923 1845 futuri
945 1803 1049 1864 pares,

87 1869 151 1932 nisi
174 1868 237 1933 duo
261 1868 409 1933 fuissent.
455 1872 570 1933 contra
593 1869 735 1953 gratiam
759 1874 967 1934 armaverunt
990 1869 1049 1931 mi-

88 1956 296 2022 sericordiam
321 1957 385 2040 sui,
413 1956 514 2020 donec
543 1957 640 2021 ambo
668 1957 704 2021 in
726 1957 908 2041 periculum
931 1956 1047 2041 capitis

85 2045 224 2109 adducti.
253 2046 354 2108 testes
374 2043 460 2107 enim
479 2065 545 2107 non
564 2044 745 2109 defuerunt.
769 2048 926 2127 quantum
945 2049 1048 2110 tomen
1067 2062 1101 2113 20

83 2131 190 2197 valuit
210 2132 409 2196 innocentia!
428 2131 576 2196 constitit
594 2133 680 2197 inter
694 2153 806 2197 omnes
820 2154 887 2197 non
902 2133 1047 2216 potuisse

84 2219 167 2286 illud
198 2219 264 2284 nisi
299 2219 340 2284 ab
368 2219 617 2304 inprudentibus
645 2220 725 2286 fieri
770 2220 960 2285 incredibile
989 2227 1047 2307 est,

83 2308 222 2392 iudices,
250 2311 372 2392 quanto
401 2307 571 2373 difficilius.
587 2309 707 2375 finibus
732 2313 876 2393 careant,
905 2310 959 2394 qui
983 2311 1046 2375 exi-

82 2398 165 2462 lium
198 2419 265 2462 non
297 2400 492 2463 meruerunt.
538 2397 819 2481 amplectebantur
850 2399 960 2464 miseri
990 2401 1046 2484 pio

83 2486 173 2551 furto
193 2488 374 2551 extremum
393 2486 520 2569 patriae
539 2487 655 2571 solum,
673 2509 740 2552 non
758 2509 810 2553 me
825 2486 954 2553 hercule
969 2491 1045 2574 scio,
1065 2506 1099 2554 25

85 2597 128 2639 an
151 2574 287 2640 alieuius
312 2574 438 2640 insidiis
461 2575 619 2658 perducti,
643 2598 685 2641 an
700 2576 811 2662 aliqua
829 2576 1045 2643 humanitatis

83 2663 168 2728 facie
182 2663 318 2747 inpulsi:
336 2663 421 2728 nihil
439 2664 577 2747 probare
591 2686 741 2748 possum:
761 2666 856 2731 ambo
871 2667 1046 2750 perierunt.

84 2752 113 2816 si
131 2756 242 2817 tamen
260 2753 379 2817 intueri
398 2751 489 2835 (rei)
504 2756 657 2818 naturam
676 2753 856 2839 volueritis,
875 2755 1046 2839 apparebit

82 2840 244 2925 profecto,
271 2863 338 2906 non
364 2862 442 2905 casu
470 2862 525 2905 eos
553 2842 588 2905 in
611 2864 685 2907 eum
710 2843 817 2908 locum
840 2845 1045 2927 potissimum

81 2929 218 3013 venisse,
237 2929 271 2993 in
290 2950 354 3014 quo
374 2929 416 2994 ab
430 2929 561 2994 inimico
576 2930 902 3014 deprehenderentur.
934 2932 1043 3014 depre-
1063 2944 1098 2993 30

154 3056 170 3104 3
189 3050 335 3121 numerus]
355 3049 459 3104 nostris
478 3052 550 3121 2115
569 3051 685 3106 miseras
704 3055 783 3103 B—l’
797 3053 806 3122 1
820 3051 949 3106 commi
969 3055 992 3100 Δ
1006 3051 1045 3117 116

100 3120 172 3176 ossii
189 3121 232 3190 311
247 3128 262 3176 ‘1
281 3121 362 3176 notio
380 3123 437 3187 Aa,
460 3120 554 3190 legum
573 3119 684 3192 ultio(?)
704 3121 802 3191 110118
821 3121 845 3176 si
863 3124 907 3192 Bu
920 3120 1046 3193 (quam)

79 3139 177 3262 holle
195 3190 349 3266 (exulem)
367 3193 424 3248 Aer
437 3193 447 3263 11
463 3197 495 3246 10
514 3192 616 3247 debeat
633 3195 669 3261 A,
695 3192 817 3247 debebat
834 3198 867 3264 B,
886 3207 955 3246 corr.
975 3189 1019 3244 Ro
1037 3179 1064 3260 11’

16 3278 19 3283 ·
80 3269 115 3317 14
133 3263 188 3319 hoo
206 3263 330 3318 minutus
349 3263 420 3318 ein
451 3265 460 3334 11
484 3269 516 3317 16
536 3263 735 3333 contempserit
753 3269 773 3315 P
790 3263 800 3332 11
820 3261 991 3318 narratio
1010 3266 1046 3328 Δ;

78 3333 218 3389 irascitur.
237 3333 369 3390 Narratio
390 3336 485 3405 (rubro
499 3335 586 3390 colore
598 3336 741 3404 comptam)
760 3333 910 3404 1111101131
925 3337 958 3387 18
977 3331 1047 3387 duos

79 3408 129 3458 AB
142 3405 152 3474 11
170 3411 205 3460 20
225 3406 299 3460 enim
318 3409 375 3474 AB,
395 3422 463 3461 corr.
474 3405 530 3472 θη·
547 3406 642 3460 autem
660 3407 719 3460 Aer
732 3406 741 3475 11
760 3410 794 3458 24
813 3421 864 3474 pro
883 3405 1009 3475 21125-

80 3476 139 3531 scin
158 3477 194 3532 al.
213 3478 306 3547 3128
325 3476 409 3549 (rei)
427 3477 471 3532 Ro
1011 3402 1128 3638 1

831 3565 885 3620 13*
