2392 3862
370 223 686 281 DECLAMATIONES.
706 225 838 283 000le
1016 226 1081 290 223

123 389 199 452 dum
226 387 345 472 magis,
380 408 478 470 quem
506 407 709 451 communem
738 387 897 471 quendam
925 390 1081 472 omnium,

122 477 178 561 qui
204 476 240 540 in
267 475 455 540 libertatem
479 472 640 555 adserunt,
664 473 818 541 favorem.
851 481 963 542 contra
986 499 1081 561 quem

119 586 187 630 non
213 564 246 628 id
270 563 370 629 modo
401 585 420 626 a
442 562 537 626 nobis
561 561 784 645 intellegimus
808 585 878 629 esse
902 564 1081 651 dicendum,

120 655 158 717 ut
190 653 363 736 praecipue
396 651 446 714 ius
478 652 641 734 tueamur,
674 651 730 715 sed
757 651 837 714 illud
869 653 981 718 etiam:
1013 676 1081 719 non

120 741 229 805 minus
257 762 317 824 pro
345 761 383 804 eo
412 760 496 823 esse,
528 741 642 803 contra
664 760 760 822 quem
783 739 952 805 videamur
975 759 1115 828 ageres

118 830 149 894 si
171 832 283 893 tamen
307 826 445 911 explicet
470 825 576 910 fidem,
599 827 685 911 quod
703 849 764 893 nos
784 829 1018 893 contendimus.
1047 830 1081 894 id

120 918 208 981 enim
231 916 328 981 hodie
352 916 526 999 quaeritur,
550 937 591 979 an
610 937 721 980 servus
741 914 810 996 sit„
829 917 869 981 de
887 916 1080 981 liberalitate

120 1006 205 1087 eius,
242 1003 297 1088 qui
332 1026 392 1069 nos
429 1003 562 1068 heredes
599 1004 757 1089 instituit,
793 1005 876 1069 nihil
908 1005 1079 1088 querimur.

120 1114 231 1157 servos
253 1092 450 1157 manumisit.
482 1113 561 1156 num
583 1091 882 1157 cui.ccntr0versia
908 1093 1080 1158 movetur?

119 1203 198 1245 num
220 1181 314 1247 inviti
337 1203 392 1246 eos
416 1180 594 1264 tristesque
617 1180 651 1244 in
674 1202 809 1246 numero
833 1182 975 1246 civitatis
996 1183 1079 1267 aspi·
1100 1199 1133 1249 10

119 1269 243 1335 cimus?
276 1270 342 1334 elia
364 1269 462 1334 nobis
486 1268 571 1346 ratio
596 1289 669 1333 cum
689 1269 899 1355 debitoribus,
923 1270 988 1335 alia
1006 1292 1080 1335 cum

117 1358 279 1444 ingenuis.
575 1368 578 1371 ’

183 1444 297 1528 Neque
319 1466 381 1509 nos
404 1444 497 1528 fugit,
521 1443 668 1509 velutin
691 1445 890 1510 contrarium
913 1447 960 1511 ire
978 1447 1079 1510 litem.

115 1556 194 1598 nam
217 1535 246 1598 si
269 1533 341 1617 quis
365 1555 404 1598 ex
425 1533 521 1597 nobis
544 1533 643 1597 istum
667 1554 796 1598 servum
816 1538 953 1618 vocaret,
976 1536 1079 1599 multa

115 1620 260 1687 habebat
282 1621 438 1707 profecto,
461 1642 543 1705 quac
562 1643 621 1705 pro
642 1644 676 1687 se
696 1621 825 1704 diceret,
849 1645 907 1706 per
926 1646 1009 1708 quae
1027 1625 1076 1687 in·
1097 1640 1130 1688 15

116 1731 241 1796 genuus
264 1709 443 1775 videretur.
468 1709 544 1793 quid
568 1710 655 1774 enim
679 1709 731 1774 lex
751 1709 851 1775 dicit?
874 1712 1077 1776 »addictus

116 1799 236 1864 donec
265 1798 433 1863 solverit
462 1797 644 1882 serviat«,
671 1803 710 1862 ut
740 1798 871 1884 opinor,
902 1821 982 1864 non:
1015 1821 1079 1863 ser·

116 1909 176 1952 vus
201 1887 253 1951 sit.
292 1887 470 1972 plurimum
494 1888 603 1951 autem
627 1887 734 1951 refert.
770 1907 847 1952 acm
870 1887 990 1952 servire
1014 1909 1078 1950 me·

112 1975 179 2040 'rito
208 1976 345 2039 dicimus
373 1977 406 2038 et
435 1996 504 2059 eos,
532 1975 588 2058 qui
616 1974 651 2039 in
677 1976 801 2058 piratas
829 1975 1015 2059 inciderint,
1046 1978 1078 2039 et

114 2084 185 2146 eos,
209 2063 265 2147 qui
294 2063 335 2135 ab
363 2061 458 2126 hoste
487 2062 553 2126 sint
580 2063 681 2145 capti:
709 2063 742 2126 id
765 2063 894 2147 quidem
917 2064 1004 2147 quod
1027 2064 1075 2128 in-
1096 2079 1132 2128 2ο

116 2150 234 2235 gennis
267 2153 385 2213 natura
412 2149 513 2231 dedit,
544 2149 634 2213 nulla
665 2150 815 2215 fortunae
845 2152 965 2216 iniuria
997 2152 1078 2235 eripi

115 2240 236 2324 potest.
269 2237 301 2300 id
323 2237 470 2321 quamvis
488 2236 573 2301 nulli
590 2259 656 2302 non
673 2243 819 2303 vestrum
838 2239 988 2305 existimo
1008 2261 1078 2305 esse

113 2327 333 2410 manifestum,
357 2325 551 2410 quibusdam
570 2329 681 2392 tamen
700 2327 858 2393 confessis
878 2330 1077 2412 argumentis

115 2415 286 2481 ostendere
296 2414 380 2480 volo.
406 2417 481 2479 ante
492 2415 601 2480 omnia
616 2416 756 2496 [servus]
771 2415 825 2481 hic
837 2415 939 2481 habet
951 2439 1078 2499 nomen,

115 2508 166 2569 est
189 2504 223 2568 in
247 2525 353 2587 censu,
376 2506 422 2568 est
439 2499 590 2568 irftribu.
614 2525 753 2588 quorum
771 2504 854 2570 nihil
874 2501 926 2592 (ut
945 2506 1074 2592 opinor)
1095 2519 1129 2569 25

116 2592 312 2676 deprehendi
336 2592 370 2656 in
393 2613 486 2657 servo
509 2595 628 2675 potest.
664 2597 719 2676 „at
742 2593 916 2659 intervenit
939 2616 977 2658 ea
1001 2616 1075 2660 con·

114 2680 208 2765 dicio,
230 2684 268 2745 ut
287 2681 406 2744 servire
426 2680 551 2764 debeat,
573 2681 675 2747 donec
695 2682 856 2747 solverit.“
887 2683 949 2748 hoc
967 2684 1075 2766 ipsum

115 2769 201 2834 servi
224 2791 290 2834 non
313 2772 372 2852 est,
395 2769 515 2834 habere
538 2769 573 2833 in
598 2791 656 2836 suu
679 2772 851 2855 potestate,
874 2770 1002 2854 quando
1022 2772 1074 2835 de-

114 2858 202 2922 sinat
230 2859 358 2922 servire.
403 2858 516 2942 fingite
545 2858 646 2942 enim,
679 2858 814 2938 iudices,
848 2863 904 2923 aut
932 2860 1076 2925 oblatam

170 3037 200 3087 ,2
220 3030 397 3085 usserunt
414 3030 490 3098 Allb
508 3030 899 3100 videmurBllSquaerimus
912 3037 933 3084 B
947 3033 956 3100 ll
971 3038 1075 3084 cnunc

110 3101 157 3157 cui
170 3105 194 3154 Δ
207 3102 216 3170 ΙΙ
232 3108 264 3156 10
283 3118 340 3155 non
358 3100 414 3154 inv.
426 3104 446 3153 B
461 3101 470 3169 ΙΙ
486 3105 518 3153 18
538 3101 640 3155 scitAa
653 3102 663 3172 ΙΙ
676 3101 779 3158 referre
792 3109 841 3170 Aa,
859 3103 963 3157 referet
975 3105 1052 3152 B—l’
1065 3100 1076 3172 ll

111 3189 148 3227 on
168 3177 228 3240 Aa,
249 3189 316 3227 corr.
339 3171 395 3225 Obr
420 3171 431 3238 ΙΙ
460 3176 492 3225 19
512 3170 638 3226 dicamus
656 3176 716 3242 AB,
735 3189 804 3229 corr.
824 3179 895 3227 auct.
914 3174 1009 3226 iacert.
1029 3187 1075 3252 up.

110 3245 169 3298 Aer
186 3244 196 3313 l
213 3243 364 3313 inspiratas
382 3246 423 3295 Aa
440 3243 450 3313 ss
468 3247 503 3296 20
521 3241 551 3296 id
570 3242 683 3310 quidem
700 3244 758 3313 ing.
776 3250 812 3312 Δ,
830 3244 861 3297 id
880 3242 993 3311 quidem
1012 3258 1074 3310 qur-

111 3314 176 3369 dem
194 3315 251 3383 ing.
266 3318 297 3383 B,
315 3313 345 3367 id
359 3313 435 3382 quod
450 3314 509 3368 edd.
525 3313 534 3381 ΙΙ
549 3318 582 3367 21
597 3312 646 3370 ini.
665 3319 695 3369 et
707 3313 762 3384 ipsi
775 3314 833 3384 pot.
848 3319 868 3365 P
881 3314 890 3382 ΙΙ
904 3319 939 3368 24
954 3311 1073 3383 [servus]

110 3385 153 3440 Gr
170 3387 180 3455 ΙΙ
198 3391 233 3439 26
252 3387 303 3439 aut
320 3388 383 3450 AB,
402 3399 471 3438 corr.
490 3384 535 3438 Fr
552 3383 562 3453 ΙΙ
580 3389 614 3439 26
633 3387 683 3439 aut
699 3389 768 3438 Ab!
786 3385 796 3453 ΙΙ
815 3383 960 3438 tedesinet
977 3385 1021 3457 1³11
1040 3387 1076 3437 22

112 3460 238 3546 oblatairi
258 3494 280 3542 Δ
1039 3544 1163 3632 ,
