2392 3862
364 202 682 262 DECLAMATIONES.
702 204 816 260 ccclv.
1022 203 1075 268 ’39

391 419 398 438 s
430 365 765 434 DECLAMATIO.

179 456 217 524 Si
231 461 288 523 aut
306 457 413 523 minus
426 457 626 522 verecundus
645 452 782 540 essetis,
796 476 892 541 quem
906 456 1076 540 rogatione

112 569 185 613 mea
209 547 351 612 retinere
374 546 408 610 in
431 546 562 611 civitate
585 545 756 625 constitui,
785 547 842 610 aut
864 544 982 609 iudicia
1004 544 1076 610 feli·

111 637 180 702 cius
204 638 368 720 expertus:
394 634 477 698 nihil
501 633 660 715 contione,
681 633 764 698 nihil
787 633 970 717 conscripto
994 653 1075 715 meo,

112 724 196 790 nihil
224 723 361 807 denique
389 744 489 808 opera
514 721 694 807 rogationis
725 743 806 807 opus
830 724 925 787 esset.
970 722 1110 806 primas

115 813 218 897 igitur
244 833 354 878 carere
379 810 441 876 hae
468 810 590 876 invidia
616 810 670 874 vel
692 813 827 896 propter
849 809 911 875 hoo
934 832 1076 894 possum,

114 901 268 977 Quirites.
300 921 395 964 nemo
414 899 500 964 enim
523 898 703 981 crediderit,
725 920 778 963 me
800 903 953 984 rogatum
977 899 1018 964 ab
1038 920 1076 964 eo

115 989 157 1054 ad
180 1010 240 1054 vos
262 987 470 1073 processisse,
499 987 557 1072 qui
583 987 654 1071 ipse
687 989 724 1050 ut
753 990 920 1051 remaneat
941 1008 1007 1051 non
1030 987 1076 1050 la·

114 1077 219 1143 horat
263 1075 387 1142 Verum
413 1076 469 1141 ille
497 1076 627 1160 quidem
653 1076 790 1155 multas,
822 1078 919 1159 atque
948 1076 1076 1140 utinam

114 1165 221 1231 minus
243 1168 402 1250 potentes,
426 1165 523 1230 huius
546 1163 779 1249 propositioni
803 1184 919 1229 causas
941 1163 1075 1229 habeat:
1097 1179 1130 1228 10

111 1275 176 1340 ego
194 1257 324 1338 praeter
342 1257 449 1319 cetera
466 1255 600 1338 propter
615 1251 679 1317 hoc
695 1272 822 1337 quoque
837 1274 911 1317 eum
925 1253 1075 1318 existimo

110 1365 185 1408 esse
203 1342 418 1425 retinendum,
436 1341 522 1427 quod
539 1341 750 1407 manifestum
762 1341 849 1419 feeit,
867 1341 908 1405 ad
921 1341 1076 1406 indicium

113 1430 295 1515 tyrannidis
315 1430 496 1496 adfectatae
515 1430 642 1495 venisse
659 1450 726 1494 non
744 1430 932 1494 remanendi
954 1429 1076 1515 cupidi-

114 1522 193 1584 tate.
226 1518 311 1603 qnod
328 1518 394 1584 nisi
411 1518 671 1584 vetustissimum
685 1518 745 1602 ius,
764 1517 916 1602 Quirites,
934 1539 999 1603 eos,
1022 1518 1077 1602 qui

111 1611 240 1673 secreta
269 1606 311 1672 ad
342 1627 411 1672 rem
442 1606 606 1692 publicam
641 1607 840 1692 pertinentia
871 1607 1077 1690 indicassent,
1097 1621 1129 1670 15

113 1716 280 1761 remanere
308 1696 345 1760 in
376 1696 508 1762 civitate
539 1696 702 1761 iussisset:
739 1694 878 1760 forsitan
907 1696 1076 1761 dicendum

114 1785 197 1849 mihi
214 1783 398 1850 necessario
417 1784 645 1869 existimarem,
664 1806 728 1868 qua
745 1785 853 1868 gratia
871 1783 924 1849 hie
936 1805 1077 1869 pressus,

111 1873 233 1956 quibus
255 1872 434 1938 inimicitiis
456 1874 492 1938 in
514 1873 647 1938 exilium
669 1876 756 1938 esset
779 1876 879 1941 aetus.
920 1873 977 1938 sed
1000 1871 1077 1957 quid

110 1981 246 2027 necesse
270 1965 321 2026 est
342 1965 489 2047 repetere
511 1962 601 2047 haec,
624 1983 708 2047 quae
725 1961 865 2027 videtis?
890 1965 924 2026 et
937 1960 1023 2044 quod
1037 1960 1076 2024 ad

111 2049 260 2114 animum
281 2049 412 2135 quidem
434 2051 525 2116 illius
547 2050 703 2134 pertinet,
730 2050 811 2114 satis
833 2050 927 2114 vobis
950 2052 1013 2132 est,
1039 2051 1077 2112 ut
1095 2063 1130 2114 20

117 2136 284 2221 existimo,
319 2139 488 2223 probatus:
530 2138 615 2222 quod
656 2159 852 2222 quamquam
895 2138 1077 2219 damnatus,

113 2245 315 2309 quamquam
336 2225 371 2291 in
394 2228 526 2293 exilium
545 2231 645 2311 autur,
667 2225 864 2311 reipublicae
884 2229 995 2290 tamen
1012 2247 1077 2290 non

115 2312 226 2397 potuit
248 2313 360 2380 irasci:
377 2315 531 2381 indicium
552 2315 718 2400 professus
742 2318 800 2380 est.
836 2313 1011 2381 viderimus
1035 2335 1077 2378 an

115 2406 243 2467 reruni:
266 2401 398 2468 interim
415 2407 526 2469 tamen
539 2404 620 2469 nihil
635 2425 709 2468 eum
722 2403 854 2468 finxisse
869 2402 1078 2468 manifestum

112 2493 180 2569 est,
208 2491 294 2576 quod
324 2492 511 2578 persuaderi
541 2497 610 2558 tam
644 2491 759 2556 multis
787 2493 898 2576 utique
925 2492 1130 2575 potueritne
1181 2534 1183 2541 ·

112 2599 248 2644 eausam
267 2601 332 2664 qua
354 2580 542 2646 condicione
563 2580 682 2645 dixerit
702 2579 882 2665 damnatus,
900 2581 985 2664 exul,
1002 2600 1077 2645 eon·

113 2670 167 2732 tra
193 2670 378 2753 potentem
404 2673 519 2735 contra
546 2669 743 2754 gratiosum,
770 2669 846 2752 quid
873 2688 1003 2734 necesse
1027 2673 1078 2733 est

110 2753 169 2820 diu
201 2754 320 2839 dicere,
351 2757 481 2841 quando
508 2758 537 2822 is
565 2757 671 2823 exitus
698 2756 808 2821 iudicii
834 2757 910 2842 fuit,
942 2761 978 2822 ut
1009 2778 1076 2823 non

112 2843 225 2926 plures
248 2846 428 2910 sententiae
450 2867 510 2929 pro
534 2845 718 2910 adversario
739 2844 883 2910 fuerint?
906 2847 1076 2912 nonenim

111 2951 214 2995 eausa
236 2931 341 2999 vietus
360 2937 429 3021 est,
453 2934 509 2999 sed
530 2933 672 3019 legibus,
696 2934 752 2999 sed
774 2934 905 3018 publica
927 2934 1076 2999 humani·
1095 2948 1130 2997 30

112 3021 194 3087 tate.
216 3040 298 3105 quae
321 3022 450 3106 quidem
472 3022 545 3107 ipsa
568 3044 620 3086 me
638 3021 673 3086 in
686 3022 749 3089 hoc
768 3022 941 3089 exhortata
960 3027 1017 3105 est,
1040 3026 1077 3088 ut

109 3107 317 3194 rogationem
344 3109 467 3176 advos
490 3110 529 3175 de
552 3110 722 3177 retinendo
746 3111 813 3177 eive
838 3111 954 3176 ferrem
976 3111 1011 3175 in
1034 3112 1076 3175 oi·

111 3197 214 3262 vitate
235 3201 305 3262 tam
328 3197 545 3265 misericorde.

185 3305 202 3354 4
220 3299 326 3370 scripto
344 3304 365 3354 B
379 3303 388 3372 ΙΙ
403 3305 419 3354 5
437 3301 608 3372 operationis
628 3318 686 3372 rog.
700 3306 723 3354 Δ
736 3303 745 3371 ΙΙ
759 3302 883 3372 primum
893 3303 984 3372 Pena
1003 3304 1075 3357 hanc

111 3371 207 3441 Aafl‘l
230 3368 322 3427 habeo
339 3376 364 3425 Δ
381 3375 392 3441 [Ι
411 3378 444 3427 16
464 3373 493 3426 in
513 3372 627 3427 civitate
646 3388 696 3428 om.
715 3379 756 3426 Aa
773 3375 783 3441 ΙΙ
802 3378 836 3427 24
855 3374 945 3428 virum
964 3377 1074 3444 Aa1128

112 3439 160 3494 his
177 3445 201 3494 Δ
212 3442 224 3511 fl
237 3447 272 3496 80
291 3457 405 3498 causam
423 3448 463 3496 Aa
476 3445 486 3514 d
499 3443 568 3498 inst'
588 3447 608 3494 B
627 3443 637 3511 d
655 3449 760 3497 31—33
780 3459 852 3512 quae
870 3462 897 3513 q.
915 3445 934 3499 i.
954 3463 991 3500 m.
1010 3445 1027 3499 i.
1047 3443 1074 3496 h.

111 3525 137 3566 e.
157 3525 182 3567 e.
200 3529 229 3570 u.
246 3529 269 3568 r.
287 3529 312 3568 a.
332 3530 358 3568 v.
379 3513 404 3569 d.
424 3533 445 3568 r.
466 3531 488 3569 c.
508 3514 528 3571 f.
542 3513 561 3569 i.
578 3513 692 3569 civitate
712 3530 763 3572 om.
777 3519 818 3567 Aa
1086 3504 1143 3640 Ι
