2392 3862
131 229 197 295 320
496 226 728 293 oulunnnm

132 392 189 456 ille
216 391 342 455 iuvenis
371 393 403 455 et
426 391 528 455 velox.
574 388 659 453 Mori
682 388 769 472 volu,
799 386 885 472 quod
908 386 1101 453 adulterum

131 502 198 545 non
220 479 359 543 invenio.
391 479 476 543 unde
500 477 611 543 venit?
636 477 708 561 quis
731 475 902 541 hominum
918 475 1004 540 fuit?
1029 498 1102 543 non

133 568 270 632 inveniri
294 568 329 632 in
352 567 484 633 civitate
507 566 673 631 homiuem
690 565 910 630 vulneratum!
934 585 1016 648 quos
1036 586 1101 652 ego

132 679 199 721 non
219 656 306 721 domi
325 656 465 721 medicos
485 654 641 721 adhibui?
666 675 777 718 omnes
795 654 868 718 illos
888 652 1102 740 interrogavi,

99 764 210 812 enum
244 745 315 830 quis
349 744 456 810 alius?
495 764 590 808 nemo
620 745 704 823 erat,
735 741 800 806 nisi
828 763 922 826 quem
951 742 1101 810 latrones

133 835 390 899 vulneraverunt.
429 836 461 898 et
482 854 569 896 nunc
592 832 647 896 ille
669 852 722 895 me
746 830 871 895 deridet
893 830 1103 917 ubicumque,

135 926 167 987 et
193 922 333 988 fortasse
356 922 421 987 iam
446 943 541 986 sanus
565 923 622 985 est.
668 919 753 983 mori
776 919 859 984 volo.
906 920 985 985 satis
1010 921 1102 986 iusta

134 1011 294 1076 moriendi
321 1032 419 1076 causa
450 1013 533 1094 erat,
565 1009 593 1073 si
628 1008 800 1072 calamitas
834 1029 908 1073 mea
939 1008 1103 1076 hactenus

137 1101 289 1164 stetisset.

83 1208 115 1255 10
202 1187 337 1254 Accedit
369 1186 445 1271 huc,
474 1186 560 1270 quod
592 1186 723 1250 fortuna
750 1188 863 1250 nostra
893 1185 981 1251 dedit
1003 1186 1103 1252 malis

135 1277 360 1362 suspicionem.
406 1274 487 1339 nihil
512 1278 562 1339 cst
584 1274 647 1339 hoo
669 1274 756 1357 loco,
779 1273 838 1358 fili,
862 1275 946 1357 quod
970 1296 1022 1338 me
1047 1298 1103 1342 su-

136 1365 254 1450 spicari
277 1368 382 1449 putes.
414 1385 480 1429 non
502 1363 665 1427 habebam
684 1384 813 1428 oausam
832 1362 985 1446 parcendi
998 1362 1103 1432 homo

134 1454 308 1537 periturus,
343 1473 403 1537 ego
426 1456 459 1515 te
482 1472 554 1516 vere
575 1452 783 1516 innocentem
806 1454 901 1537 put03
924 1471 961 1516 ac
985 1451 1014 1516 si
1037 1452 1104 1519 hoc

135 1563 201 1604 uon
224 1541 341 1605 credis:
369 1541 492 1625 curavi,
517 1539 642 1626 sanavi,
671 1539 792 1624 alioqui
819 1543 853 1603 te
877 1542 910 1604 et
930 1538 1028 1605 hodie
1052 1562 1105 1607 oc·

85 1648 118 1696 15
138 1629 297 1695 cidissem.
344 1632 475 1693 constat
502 1628 565 1694 sibi
596 1628 797 1694 innocentia:
835 1628 891 1693 sed
920 1649 1106 1714 numquam

136 1720 247 1801 potest
276 1719 423 1782 constare
448 1716 511 1782 sibi
534 1717 630 1781 fama.
673 1716 722 1782 vis
746 1717 841 1801 scire,
870 1738 952 1801 quae
975 1717 1105 1784 inimici

135 1806 241 1871 nostri
268 1807 464 1890 loquantur?
500 1807 659 1870 merantur
686 1827 738 1870 me
766 1806 910 1871 latrones
933 1805 1104 1872 incidisse:

137 1895 222 1960 solet
244 1896 330 1981 fieri,
350 1895 524 1961 humanum
541 1897 608 1978 est,
628 1892 793 1979 frequens,
818 1895 900 1959 scio:
925 1894 981 1958 sed
1003 1916 1104 1962 nemo

137 1984 176 2048 de
199 1984 260 2050 hoc
283 1985 486 2069 loqueretur,
510 1983 538 2048 si
561 2004 696 2047 uxorem
717 2004 784 2048 non
808 1982 1105 2069 deprehendissem

85 2072 315 2158 admirantur,
343 2073 428 2159 quod
456 2077 582 2156 patrem
609 2072 642 2136 in
671 2071 728 2136 illo
759 2072 903 2157 periculo
927 2071 1106 2156 reliquistis

138 2183 199 2246 ego
218 2165 251 2227 te
270 2165 350 2248 puto
371 2162 486 2227 fecisse
506 2161 683 2246 sapientem
707 2163 740 2225 et
758 2160 785 2224 si
805 2160 925 2225 crimen
942 2163 992 2226 est
1004 2161 1106 2246 istud,

137 2251 266 2334 utrique
289 2271 459 2315 commune
483 2253 541 2315 est.
586 2271 664 2314 uam
688 2252 721 2313 et
744 2269 805 2334 ego
829 2249 907 2334 fugi.
945 2271 1013 2315 non
1036 2272 1106 2315 era-

138 2360 209 2403 mus
249 2360 357 2422 pares:
403 2338 480 2422 quid
527 2337 688 2402 attinebat
728 2336 926 2421 periclitari?
980 2341 1108 2404 utrum·

138 2447 200 2510 que
229 2431 378 2491 nostrum
406 2427 520 2490 fecisse
549 2447 676 2491 summo
707 2426 842 2491 consilio
865 2428 955 2511 puto.
1000 2426 1037 2492 iu
1058 2427 1106 2493 la·

83 2527 119 2582 '25
138 2518 248 2579 trones
285 2514 455 2579 incidimus
492 2518 525 2579 et
565 2514 770 2598 recessimus,
810 2514 967 2600 fugimus3
1006 2537 1106 2582 nemo

138 2606 325 2687 persecutus
359 2606 417 2667 est.
468 2602 544 2686 quid
572 2623 649 2687 ergo
683 2603 755 2667 cst?
797 2624 858 2688 ego
887 2603 1027 2689 gaudee,
1054 2604 1108 2671 cui

138 2713 204 2756 non
227 2691 408 2775 potui<sti>
433 2690 522 2756 aliud
545 2691 650 2757 maius
674 2692 866 2758 beneficium
889 2693 974 2778 dare,
1006 2700 1108 2777 quani

138 2782 176 2844 ut
207 2781 315 2845 salvus
344 2802 439 2846 esses.
487 2783 576 2865 sunt,
607 2780 662 2864 qui
689 2784 722 2844 te
748 2783 865 2865 putent
886 2802 946 2873 pro
970 2803 1023 2846 me
1046 2803 1108 2866 pu·

140 2889 239 2955 gnare
263 2869 422 2935 debuisse,
455 2869 619 2946 Querebar
641 2869 742 2953 paulo
760 2873 836 2936 ants
855 2870 894 2935 de
912 2869 1107 2937 infirmitate

214 3086 229 3134 1
248 3080 368 3136 alterum
385 3085 415 3150 B,
434 3079 566 3136 alterium
583 3080 627 3149 Ρη
642 3084 675 3133 10
694 3079 749 3134 hoc
767 3080 811 3149 ΒΙΙ
827 3084 859 3134 11
873 3079 925 3134 filii
943 3081 988 3152 Bu
1003 3084 1036 3135 12
1055 3097 1108 3151 pc-

140 3152 184 3206 tes
205 3156 253 3219 Aa,
272 3153 355 3221 putet
371 3156 401 3219 B,
419 3151 504 3221 putat
522 3152 565 3221 Pu
580 3155 612 3205 13
632 3166 698 3206 vero
716 3155 776 3220 AB,
795 3167 864 3208 corr.
883 3150 928 3206 Ro
941 3151 996 3233 llat
1012 3154 1034 3204 B
1048 3153 1058 3224 l
1073 3158 1109 3210 1⁶

143 3232 174 3278 Ν
196 3224 242 3291 ΔΙΙ
255 3223 309 3277 tibi
328 3227 391 3292 AB,
411 3239 480 3278 corr.
499 3222 583 3292 Aerss
604 3227 635 3276 lo
653 3222 748 3289 fort*
766 3224 854 3277 const.
874 3221 928 3276 tibi
946 3238 1017 3290 mu,
1038 3240 1059 3278 s.
1078 3242 1108 3279 n.

140 3296 199 3375 pot.
220 3296 306 3349 const.
326 3293 380 3348 tibi
397 3293 416 3350 f.
440 3295 450 3364 ss
472 3293 565 3347 famae
583 3294 613 3347 et
631 3292 701 3347 scire
719 3297 740 3345 B
763 3292 773 3361 ll
792 3299 825 3348 17
843 3292 945 3365 nostri]
964 3310 1040 3349 nunc
1058 3298 1080 3347 B
1099 3296 1110 3368 ll

141 3381 184 3417 rra
202 3365 281 3418 actus
301 3369 361 3432 AB,
381 3380 450 3420 corr.
469 3364 526 3419 Aer
539 3366 549 3434 ll
562 3361 633 3490 531>
651 3362 715 3418 latr.
734 3365 793 3420 cdd.
812 3366 822 3435 ΙΙ
842 3370 875 3420 18
895 3382 1036 3420 summum
1054 3368 1110 3423 est.

142 3450 260 3502 sequens
280 3435 352 3492 seio:
373 3436 421 3492 sed
440 3439 490 3487 AB
510 3439 566 3490 ete
606 3475 627 3502 .,
646 3450 715 3489 corr.
735 3434 777 3490 Gr
795 3440 820 3491 ct
840 3435 896 3492 Otr
909 3436 919 3506 ΙΙ
932 3441 1039 3492 26-2‘1
1059 3436 1113 3507 qui

141 3520 198 3558 non
215 3506 297 3573 potui
316 3511 380 3575 AB,
404 3522 472 3564 corr.
493 3504 537 3562 Ro
555 3504 565 3574 l
583 3510 617 3562 28
637 3505 672 3563 ᾗ
689 3510 719 3574 Δ,
740 3507 815 3562 esset
831 3508 1030 3578 Bssputantn
