2392 3862
330 226 649 283 nnonrmmonns.
664 226 868 285 oocnxxrrn.
1009 230 1074 294 427

425 387 763 457 DECLAMATIO.

181 494 322 561 »Cuius
347 517 485 582 opera«
513 496 627 581 inquit.
674 518 807 581 operam
840 501 920 581 puto
953 497 1074 563 laboris

116 606 199 668 csse,
230 584 362 669 proelii,
395 607 570 650 armorum.
615 588 654 649 tu
684 605 781 668 quam
812 585 891 650 dicis
919 585 1074 671 operam?

116 672 267 738 consilii?
309 674 400 758 atqui
422 695 532 758 nemo,
555 677 593 738 ut
614 673 786 759 proposuit
810 674 874 738 sibi
897 675 1074 757 tyrannici·

114 761 217 846 dium,
245 762 398 827 continuo
422 761 626 845 tyrannicida
648 765 708 827 est
752 765 845 827 tuum
867 762 976 846 ipsum
1000 777 1110 828 con-c

115 850 224 915 silium
256 849 333 934 quid
360 849 538 934 profuisset
560 850 643 915 citra
665 872 799 915 manum
822 851 949 916 meam?
996 871 1073 934 ergo

115 960 248 1023 operam
276 939 329 1003 lex
357 938 531 1004 desiderat:
567 938 640 1004 ideo
663 943 792 1004 tantum
815 937 962 1005 concedit
984 961 1074 1024 prae·

114 1026 224 1092 mium.
270 1028 360 1112 atqui
384 1029 411 1128 si
434 1027 515 1129 haec
539 1049 638 1111 opera
661 1030 725 1148 e‘s‘t,
749 1047 809 1113 ego
833 1027 985 1113 pugnavi.

114 1113 681 1289 cnud,tractatulus
712 1115 1073 1288 latitatetptltt
1093 1221 1129 1272 10

113 1292 226 1372 risses,
248 1295 286 1356 ut
308 1291 473 1376 gladiator
496 1296 553 1357 aut
575 1293 691 1357 histrio
716 1313 830 1376 essem,
854 1292 882 1356 si
905 1293 1073 1359 conduxis-

114 1401 174 1458 ses,
198 1383 235 1445 ut
257 1380 422 1446 hominem
445 1381 637 1446 occideremt
660 1402 776 1464 nempe
798 1385 835 1445 ut
858 1401 918 1466 ego
936 1384 1073 1446 tenerer.

111 1490 201 1552 „non
221 1471 280 1534 tua
303 1473 419 1554 sponte
441 1469 697 1554 tyrannicidium
718 1467 855 1534 fecisti.“
893 1469 982 1535 istud
1006 1491 1072 1534 orn·

112 1557 210 1622 nibus
240 1557 302 1622 dici
332 1561 456 1644 potest:
501 1558 592 1623 illum
623 1558 745 1624 sororis
773 1560 887 1641 raptus
917 1557 1073 1643 accendit,

112 1645 198 1711 hunc
230 1646 340 1712 uxoris
369 1651 527 1732 stuprum.
573 1666 647 1732 age,
679 1647 707 1710 si
733 1643 887 1712 hortatus
920 1667 1006 1712 esses
1039 1647 1073 1712 in
1093 1662 1126 1713 15

113 1734 375 1820 tyrannicidium,
396 1736 579 1820 praemium
600 1735 751 1819 peteres?
780 1733 843 1800 Sed
866 1739 902 1798 tu
924 1757 976 1799 me
998 1757 1072 1820 pro-

112 1826 186 1907 pter
215 1825 394 1888 mercedem
421 1828 511 1888 tuarn
539 1825 636 1907 putas
659 1823 909 1906 tyrannicidium
933 1823 1071 1888 fecisse?

112 1915 241 1976 tantum
260 1912 414 1976 meritum
428 1911 667 1976 mercennariae
682 1931 798 1995 operae
815 1910 983 1993 imputas?
1005 1933 1071 1976 non

113 2003 163 2064 est
194 1999 327 2064 humilis
359 2000 500 2085 pectoris
532 1998 719 2063 libertatem
750 1997 916 2083 publicam
948 2019 1070 2082 capere.

112 2087 234 2151 etenim
258 2087 286 2151 si
304 2091 362 2152 tua
380 2108 502 2152 merces
521 2108 651 2152 movere
669 2107 720 2150 me
738 2086 855 2172 potuit,
878 2086 983 2152 multo
1002 2109 1071 2152 ma·
1090 2103 1124 2154 20

112 2175 163 2261 gis
186 2176 367 2259 praemium
390 2176 508 2240 movitt
541 2178 574 2240 et
600 2175 672 2241 ideo
696 2175 737 2239 ad
760 2196 812 2238 me
835 2175 967 2258 venisti,
995 2175 1072 2259 quia

111 2263 304 2328 intellexisti
328 2287 347 2329 a
368 2265 460 2329 vultu
479 2263 712 2350 cogitationem
730 2262 961 2348 tyrannicidae.
986 2262 1071 2347 „Cur

113 2373 200 2438 ergo,
223 2353 337 2436 inquit,
360 2351 538 2417 mercedem
562 2351 762 2436 accepisti?“
783 2350 860 2418 Non
883 2351 1070 2436 cupiditatis

112 2463 220 2525 causa,
244 2440 298 2505 sed
321 2441 484 2527 pignoris:
507 2442 583 2528 quia
605 2439 759 2526 temptari
782 2462 834 2506 me
853 2441 966 2527 putavi
985 2444 1070 2506 etto

112 2550 132 2593 a
154 2532 293 2614 tyranno
318 2529 536 2595 summissum.
1089 2545 1124 2596 25

177 2617 280 2702 „Quid
304 2637 392 2704 ergo,
416 2617 478 2684 dno
501 2618 647 2702 praemia
669 2617 802 2683 feres?“
827 2617 903 2684 Ideo
922 2619 1071 2704 tyranni-

112 2704 403 2792 cida<non>sum?
427 2711 457 2773 et
479 2710 516 2772 tu
538 2707 604 2772 iam
626 2706 729 2772 habes
750 2706 946 2792 praemium:
968 2707 1071 2792 patri-

111 2795 270 2879 monium,
293 2795 429 2880 liberos,
451 2796 585 2880 tyranni
609 2799 747 2860 mortem
771 2795 994 2862 desideratam.

182 2939 199 2987 3
218 2934 280 2988 tum
298 2939 327 3003 B,
347 2951 386 2988 aa
398 2932 542 3007 *tu<a>m
554 2932 591 3004 (ἓ)
605 2935 646 3000 115
664 2933 752 3007 ipsius
770 2933 815 2989 Ro
828 2938 869 3003 lt
886 2933 1024 3004 profuisse
1043 2936 1072 2988 et

111 3005 185 3074 llll
205 3002 346 3060 desideret
364 3004 486 3075 Anideo
504 3010 583 3061 notat
600 3003 645 3060 Ro
658 3007 698 3073 118
717 3006 834 3077 operata
853 3010 895 3059 est
913 3009 936 3056 A
957 3004 967 3073 ΙΙ
987 3009 1017 3057 11
1038 3007 1071 3058 ut

110 3074 148 3177 gl.
169 3090 194 3129 a.
213 3075 241 3129 h.
260 3091 284 3130 e.
304 3092 325 3133 s.
345 3074 524 3131 conduxisses
542 3092 592 3130 om.
612 3080 653 3127 Aa
666 3075 676 3144 ΙΙ
691 3081 723 3130 12
742 3079 771 3130 et
788 3079 848 3141 Aa,
867 3089 935 3130 corr.
954 3071 998 3129 Ro
1012 3074 1021 3142 ΙΙ
1036 3079 1070 3128 14

135 3145 269 3201 accendet
287 3150 323 3216 A,
342 3146 453 3202 accedit
470 3149 492 3198 B
514 3147 524 3216 ΙΙ
546 3147 677 3215 raptus
701 3152 724 3199 A
742 3147 752 3215 ΙΙ
772 3151 804 3201 15
822 3145 878 3200 huc
895 3149 916 3196 B
934 3145 943 3213 ll
967 3145 1069 3199 sororis

110 3219 175 3284 An,
200 3234 268 3273 corr.
286 3216 331 3273 Ro
354 3219 364 3286 ll
387 3224 420 3272 16
442 3218 506 3284 fort.
526 3218 542 3251 *
553 3218 581 3272 et
603 3220 635 3272 tu
658 3219 667 3288 [Ι
692 3222 724 3272 18
747 3219 856 3271 tuntum
874 3216 1031 3285 praemium
1045 3235 1072 3284 p

112 3303 194 3342 merc.
213 3293 234 3343 B
256 3289 266 3357 [Ι
288 3288 476 3344 mercenariae
494 3291 518 3341 A
540 3289 550 3357 11
572 3293 743 3343 mercenfi
761 3288 808 3357 All
821 3292 854 3341 22
874 3286 1005 3341 avoltu
1024 3283 1070 3353 All
1152 3341 1155 3345 ,

110 3358 191 3417 voltu
209 3365 232 3412 A
245 3360 255 3429 ΙΙ
269 3365 304 3414 24
321 3358 496 3428 pignoris
515 3365 538 3412 A
551 3360 560 3428 ll
584 3365 618 3414 26
636 3358 703 3413 Ideo
721 3361 831 3428 tyrann.
851 3374 921 3412 eum.
940 3358 999 3412 edd.
1018 3372 1069 3413 sec

110 3432 158 3482 AB
177 3431 186 3499 [Ι
204 3436 238 3485 2τ
257 3429 355 3503 (non)
372 3430 417 3485 Ro
430 3431 439 3500 ll
453 3436 485 3486 ut
503 3435 563 3499 AB,
582 3447 651 3486 corr.
670 3430 781 3499 13⁰llat
799 3431 858 3498 (see.
879 3427 945 3496 Obr)
963 3430 996 3483 tu
1014 3428 1071 3484 tria

109 3500 167 3556 iam
186 3502 272 3557 habes
291 3502 417 3572 praemia
434 3500 487 3559 seu
