2370 3862
324 194 640 261 centenariones,
661 204 788 261 cccxx.
978 205 1041 270 103

79 373 137 455 qui
159 370 262 435 filiam
287 369 327 434 ed
351 368 580 453 magistratum
603 367 766 452 produxit,
789 369 844 453 qui
867 368 1042 452 praecepit,

80 463 119 523 ut
144 463 281 524 mortem
309 458 450 541 raptoris
479 460 615 534 optaret.
659 476 719 522 nos
746 477 824 542 ergo
854 479 984 522 causam
1007 457 1041 521 id

80 568 152 612 esse
175 546 289 612 mortis
313 546 465 625 dicemus,
489 544 575 628 quod
593 545 692 609 nullis
712 548 804 629 extra
823 545 1040 611 accidentibus

79 636 187 700 causis
211 639 350 699 mortem
369 633 494 698 homini
514 633 649 716 adferat,
674 633 760 717 quod
777 635 882 699 solnm
902 640 1041 699 mortem

82 723 206 789 homini
232 722 388 787 intulerit
441 721 554 785 deinde
583 721 739 806 dicemus,
768 723 797 786 si
828 723 1076 788 accedendums

80 813 126 877 sit
147 810 289 877 finitioni
314 810 417 894 partis
438 809 600 894 adversae,
622 809 810 894 frequenter
828 811 926 877 etiam
944 809 1042 875 hone-

81 900 226 965 stissima
248 899 283 963 in
305 898 390 964 hanc
408 898 603 963 calumniam
626 899 739 964 cadere
761 920 866 984 posse.
912 898 1042 962 subiun-

81 1008 195 1074 gemus
224 988 460 1072 quaestionem,
488 1009 530 1052 an
557 987 662 1069 possit
690 987 860 1072 quisquam
888 985 1043 1070 accusari,

81 1076 168 1161 quod
196 1098 294 1142 eausa
323 1076 439 1141 mortis
462 1075 575 1158 fuerit,
602 1075 637 1139 in
661 1097 698 1140 eo
723 1077 778 1160 qui
800 1076 869 1140 iure
894 1075 937 1139 sit
961 1074 1042 1139 occi·

80 1187 148 1231 sus.
194 1167 340 1250 sequitur
372 1164 534 1248 quaestm,
572 1185 612 1227 an
644 1163 698 1228 hic
730 1165 799 1228 inre
831 1164 874 1228 sit
908 1163 1042 1228 occisus.
1063 1178 1096 1228 10

81 1253 260 1338 posthaec
287 1253 399 1318 licebit
425 1253 521 1317 nobis
544 1252 649 1316 dicere
678 1253 752 1329 illa,
783 1273 864 1337 quae
896 1251 966 1316 sola
997 1251 1043 1314 di-

78 1345 207 1407 cuntur.

395 1496 731 1566 DECLAMATIO.

150 1623 220 1700 Qui
243 1644 357 1689 causa
381 1623 519 1688 mortis
542 1623 676 1708 fuerit,
699 1622 828 1708 capite
851 1624 1044 1708 puniatur.

150 1711 239 1778 Satis
267 1712 410 1777 ostendit
436 1711 508 1796 ipsa
536 1732 654 1796 poena,
681 1734 753 1776 eum
783 1711 910 1777 demum
939 1711 1097 1778 teneri15

79 1803 145 1867 hac
167 1803 252 1887 lege,
282 1801 338 1885 qui
360 1801 445 1865 idem
469 1801 677 1884 commiserit,
701 1800 788 1884 quod
812 1801 840 1865 si
864 1800 1045 1867 occidisset.

80 1911 187 1974 neque
232 1889 320 1953 enim
362 1889 493 1974 gravius
539 1889 714 1974 quidquam
757 1889 911 1954 adversus
962 1910 1045 1972 eum,

81 1979 140 2063 qui
164 1999 223 2043 sua
245 1998 343 2042 manu
363 1977 573 2063 interfecerit,
595 1978 790 2042 constituere
810 1977 917 2061 potuit
934 1977 1045 2061 legum

81 2067 177 2149 lator,
205 2087 302 2150 quam
321 2066 473 2130 adversus
493 2086 576 2151 eum,
595 2066 651 2150 qui
670 2087 801 2131 causam
819 2064 1046 2149 praestitisset.

81 2175 162 2241 ergo
188 2175 228 2219 ecc
251 2154 462 2219 similitudine
484 2175 607 2238 poenae
630 2152 731 2219 etiam
755 2153 876 2219 crimen
897 2175 958 2237 par
980 2153 1046 2217 exi·
1065 2168 1100 2218 20

82 2263 161 2329 gere
185 2241 319 2308 debetia
350 2242 423 2308 Hoc
446 2263 510 2328 quo
533 2241 697 2326 pertinet?
719 2263 761 2308 ne
781 2241 974 2308 existimetis
993 2262 1046 2307 ve-

83 2353 156 2397 ram
178 2330 270 2396 illam
294 2353 365 2396 esse
388 2331 578 2415 finitionem,
602 2353 699 2416 quam
720 2352 795 2415 pars
814 2329 943 2395 diversa
961 2352 1046 2396 com·

82 2420 252 2505 plectitur:
277 2424 314 2485 ut
336 2441 395 2504 per
409 2441 641 2506 quemcumque
656 2420 795 2503 steterit,
817 2419 868 2483 uti
881 2418 979 2485 homo
995 2440 1047 2484 oc·

82 2509 226 2594 cidatur,
257 2509 286 2574 is
313 2508 466 2574 continuo
495 2530 593 2574 causa
623 2509 737 2574 mortis
765 2506 864 2573 fuisse
891 2508 1046 2572 videatur.

84 2598 208 2682 alioqui
230 2598 295 2662 ista
317 2597 445 2662 ratione
468 2600 501 2661 et
521 2597 588 2681 ille,
612 2597 666 2682 qui
683 2599 854 2663 nocentem
873 2595 1047 2678 accusavit,
1066 2610 1101 2660 ab

82 2706 183 2751 causa
205 2685 320 2750 mortis
343 2684 420 2769 fuit3
445 2690 478 2750 et
500 2687 566 2770 ille,
589 2685 645 2770 qui
662 2685 886 2750 testimonium
905 2685 939 2750 in
955 2706 1046 2750 reum

83 2774 179 2856 dixit,
212 2773 341 2839 etiamsi
372 2795 485 2839 verum
507 2773 541 2838 id
570 2773 647 2856 fuit,
679 2795 776 2839 causa
799 2778 910 2838 tamen
932 2771 1046 2838 mortis

82 2861 198 2927 haberi
216 2866 337 2947 potest3
362 2866 395 2926 et
412 2863 478 2947 ille,
502 2863 556 2946 qui
576 2862 741 2928 adulteros
763 2861 881 2927 marito
895 2861 1049 2959 prodidit,

160 3061 173 3108 1
193 3055 283 3110 fllium
301 3056 347 3123 Δ1
359 3053 523 3124 perduxerit
540 3057 613 3121 m,
632 3053 763 3124 perduxit
781 3058 881 3120 ΑΒΜ,
900 3068 970 3109 corr.
989 3052 1048 3124 Gall

82 3132 102 3182 3
122 3124 315 3180 excidentibus
324 3129 371 3178 Ac
385 3127 424 3194 11
442 3124 669 3179 honestissimam
691 3125 720 3179 iu
739 3130 783 3187 111
802 3130 817 3180 1
837 3124 953 3201 caedere
972 3124 1049 3192 Δ18

84 3198 182 3267 posset
199 3201 247 3280 ,Δι
269 3199 334 3279 1111
354 3195 420 3265 *qu
447 3193 573 3318 qhodie)
601 3197 661 3250 sola
680 3194 716 3266 (2)
739 3197 749 3264 1
773 3202 805 3250 16
830 3196 884 3250 hee
909 3193 972 3264 lege
997 3208 1048 3248 cm.

82 3271 129 3320 10
151 3268 161 3336 11
184 3268 289 3340 s1]qu1
308 3267 352 3322 Fr
374 3269 383 3336 11
405 3272 438 3321 18
469 3282 549 3335 egem
569 3267 643 3321 lator
660 3270 684 3319 A
706 3267 716 3335 11
741 3271 775 3348 ¹⁹.
793 3282 905 3321 causum
924 3269 948 3318 A
974 3267 984 3334 1
1013 3270 1048 3319 20

82 3340 471 3480 l¹lls⁶tll¹¹e⁴vlz⁰nt⁰lt
484 3335 895 3478 ,ltftenle‘lstltll'
910 3341 1049 3463 {iuquit

82 3481 214 3548 derunt
233 3481 377 3534 accusaret
396 3481 436 3548 01
451 3484 484 3534 28
503 3451 621 3534 maritos
639 3452 701 3530 Μ’
800 3449 806 3475 ’
889 3448 896 3462 ’
968 3449 984 3474 .,
1033 3469 1037 3476 ⁴
