2392 3862
163 225 228 288 334
520 221 750 288 QUINTILIANI

161 386 293 469 repetiti
326 387 402 449 sunt
433 385 604 451 cruciatus.
654 385 863 451 manifestum
891 388 941 450 est
969 385 1136 454 infelicis·

162 475 262 538 simae
295 473 434 538 feminae
457 474 592 557 factum,
619 473 766 538 futurum
788 477 825 538 ut
846 474 973 538 tamdiu
998 478 1138 561 torque·

161 566 263 646 retur,
292 562 444 647 quamdiu
467 563 553 626 idern
576 562 721 628 dixisset.
767 584 827 647 ego
851 566 961 627 tamen
984 562 1037 628 illi
1063 587 1134 631 non

161 653 297 716 irascor:
331 651 407 715 dum
441 652 563 735 aliquid
595 651 727 733 virium,
760 651 836 715 dum
869 651 993 735 aliquid
1027 654 1134 720 enimi

126 739 236 823 bfuit,
263 741 495 824 perseveravit,
527 762 594 805 non
626 742 676 804 est
702 740 737 804 in
765 740 970 805 mendacium
1003 747 1134 828 coacta,

160 829 224 893 nisi
244 829 394 894 moriens.
436 829 540 893 victor
558 828 610 892 his
628 828 802 893 tormentis
820 828 904 893 nihil
924 828 1014 893 aliud
1033 851 1134 913 quae-

160 918 296 982 rendum
325 917 465 1000 putavit,
493 917 578 980 nihil
607 917 778 981 dubitavit.
823 918 858 982 in
885 921 1055 982 tormenta
1079 917 1132 1004 (ut

160 1007 350 1090 parcissime
380 1002 528 1090 dixerim)
558 1006 651 1090 paria
677 1027 745 1070 non
771 1005 910 1072 vindico.
954 1006 1012 1070 sed
1035 1028 1134 1092 rogo,

160 1099 197 1159 ut
223 1095 285 1159 hoc
318 1094 425 1159 velitis
454 1094 617 1178 pertinere
640 1097 769 1159 tantum
793 1095 834 1158 ed
857 1094 960 1178 ipsius
985 1116 1131 1161 causam.

110 1204 143 1252 10
229 1182 350 1247 Filium
374 1183 472 1247 matri
495 1183 625 1248 vindico
650 1186 764 1248 contra
791 1204 879 1266 eum,
902 1182 957 1266 qui
981 1204 1131 1250 asserere

163 1274 271 1355 coepit
289 1293 401 1355 nuper.
439 1275 514 1336 ante
539 1272 649 1335 omnia
671 1271 877 1356 intellegitis,
899 1270 1033 1356 iudices,
1058 1274 1132 1338 nul·

160 1361 229 1424 lum
259 1383 340 1426 onus
368 1360 569 1444 probationis
601 1361 641 1424 ad
672 1381 724 1423 me
753 1359 921 1444 pertinere.
964 1360 1132 1445 iuvenem,

161 1449 200 1512 de
224 1471 287 1531 quo
313 1449 437 1531 agitur,
469 1469 540 1513 cum
563 1448 625 1514 hoc
648 1449 782 1514 homine
804 1449 972 1513 inventum
996 1470 1057 1532 per
1080 1455 1132 1516 tot

165 1557 283 1618 annos,
312 1537 368 1619 qui
392 1537 433 1600 ad
456 1537 626 1601 robustam
649 1559 751 1621 usque
780 1540 921 1602 aetatem
950 1537 1130 1620 perducere

111 1644 143 1692 15
164 1646 237 1688 eum
269 1625 321 1705 [de
351 1646 413 1708 quo
442 1625 625 1709 litigamus]
654 1629 844 1709 potuerunt,
867 1647 1052 1710 numquam
1077 1628 1131 1693 du·

163 1712 309 1777 bitatum.
356 1713 462 1778 dicam
484 1735 570 1778 nunc
599 1735 659 1800 ego
687 1715 757 1798 illa,
782 1735 864 1799 quae
887 1713 1013 1780 leviora
1037 1719 1129 1781 sunt:

162 1803 274 1886 nupsit
299 1806 331 1866 et
355 1804 521 1886 concipere
545 1802 676 1885 potuit?
703 1804 803 1869 immo
826 1802 891 1867 nisi
915 1804 1130 1888 concepisset,

162 1913 230 1956 non
253 1892 443 1957 credidisset
465 1891 516 1956 illi
539 1893 686 1956 maritus.
715 1896 823 1958 totum
845 1892 947 1975 igitur
970 1914 1056 1958 onus
1080 1914 1129 1958 re-

162 1981 285 2046 dundat
322 1981 361 2045 ad
401 1981 562 2046 diversam
598 1984 733 2064 partem.
785 1979 989 2046 adversarius
1021 1980 1129 2047 multe

108 2088 142 2136 ‘20
162 2070 303 2152 probare
325 2091 455 2134 necesse
478 2069 587 2154 habet,
612 2069 765 2134 habuisse
789 2091 823 2133 se
846 2090 991 2152 uxorem,
1014 2090 1128 2135 conce·

160 2159 247 2241 pisse
271 2180 406 2224 uxorem
430 2181 537 2242 suam,
561 2159 737 2243 peperisse,
759 2159 927 2239 ma[t]rem
949 2159 1128 2243 peperisse,

160 2269 197 2311 eo
222 2251 383 2331 tempore,
412 2248 497 2332 quod
521 2248 561 2311 ad
585 2250 726 2311 aetatem
750 2246 833 2330 eius,
862 2246 901 2310 de
924 2267 989 2330 quo
1012 2246 1128 2334 litiga·

159 2357 244 2416 mus,
276 2341 447 2420 congruet,
474 2335 653 2419 peperisse,
679 2336 867 2419 exposuisse
891 2332 981 2419 (se),
1003 2335 1127 2401 vixisse

159 2423 355 2507 expositum,
394 2424 434 2487 ab
468 2424 549 2504 hoc,
586 2446 605 2488 a
638 2445 701 2507 quo
736 2424 868 2507 repet't,
906 2443 976 2488 esse
1015 2424 1126 2489 subla·

105 2528 139 2576 25
158 2513 229 2574 tum
267 2516 324 2574 aut
359 2514 474 2575 contra
511 2512 691 2576 subiectum
728 2513 769 2576 ab
798 2511 878 2594 hec,
915 2511 1011 2596 quod,
1045 2512 1127 2597 (ut)

158 2598 352 2682 praetendit,
385 2603 441 2663 aut
469 2600 591 2664 sterilis
618 2600 732 2685 fuerit,
758 2604 814 2665 aut
836 2600 884 2684 id,
916 2600 1004 2685 quod
1027 2622 1125 2687 pepe

226 2796 242 2845 5
265 2789 294 2844 in
319 2807 368 2844 om.
388 2795 412 2843 A
425 2793 464 2861 118
483 2791 551 2862 non]
575 2790 657 2846 nohis
676 2792 744 2858 Solu
762 2809 811 2846 nec
828 2792 897 2847 mebi
913 2792 998 2846 cerba
1015 2791 1048 2847 in
1066 2794 1124 2849 tct-

154 2866 293 2916 mente-
304 2860 418 2917 vindico
437 2879 509 2917 eona
526 2864 670 2929 videntum
688 2864 753 2929 fort.
763 2861 860 2917 *nihil
874 2862 1017 2918 dubitavit
1030 2864 1121 2920 ultre:

152 2935 249 2988 tamen
269 2935 305 3003 (u.
325 2951 352 3003 p.
373 2934 411 3002 d.)
429 2951 456 3002 p.
476 2933 558 2988 nobis
577 2934 651 2988 vind.
666 2935 675 3004 11
691 2940 721 2987 11
743 2951 831 3004 nuper
849 2950 900 2988 om.
920 2937 941 2985 B
959 2932 1124 3003 liudicium

154 3009 176 3057 A
199 3007 208 3075 11
232 3010 265 3059 15
290 3004 339 3076 [de
363 3021 417 3072 quo
442 3003 600 3075 litigemus]
626 3004 680 3060 Sole
702 3006 712 3073 l
735 3011 767 3059 16
786 3002 916 3077 *<filium
942 3020 1003 3059 esse
1020 3004 1123 3079 illius)

153 3093 305 3146 numquam
329 3074 489 3130 dubitatum
508 3075 544 3145 (ἕ)
563 3078 572 3145 11
593 3081 697 3129 16-17
716 3074 862 3130 dubitetur
880 3079 943 3143 AB,
961 3090 1033 3143 corr.
1053 3076 1124 3143 δὼς

151 3147 289 3216 numquid
307 3147 469 3201 dubitetur?
490 3146 547 3201 our
569 3147 578 3215 11
602 3151 707 3202 17-18
735 3162 810 3201 conc.
834 3162 973 3201 novercae
996 3162 1057 3203 non
1074 3151 1096 3201 B
1112 3144 1124 3219 11

152 3223 257 3273 18—19
285 3219 342 3272 red.
362 3213 478 3273 adv’sam
522 3259 528 3271 .
553 3221 574 3269 s
597 3219 606 3284 1
631 3224 665 3272 ao
689 3233 719 3271 se
743 3233 793 3271 om.
818 3221 858 3269 Ar
881 3219 947 3288 1121
970 3216 1121 3290 ma[t]rem

153 3290 191 3343 Pa'
213 3292 222 3360 11
246 3295 279 3343 22
298 3305 354 3357 quo
372 3293 393 3341 B
412 3291 422 3360 1
440 3294 474 3343 23
493 3235 565 3361 dee>
583 3289 650 3357 11011
668 3293 702 3342 25
722 3289 751 3342 et
769 3292 829 3356 AB,
848 3304 918 3344 corr.
937 3287 1016 3357 Sclrl
1034 3288 1122 3345 sub·

150 3360 256 3414 iectu
278 3365 302 3413 A
321 3361 330 3430 11
353 3366 387 3414 26
405 3359 572 3428 procedito
595 3361 605 3429 11
627 3365 733 3415 25-26
752 3360 788 3414 eb
808 3361 861 3413 hac
878 3356 955 3427 quod
971 3358 1121 3428 praecedit

144 3432 197 3485 sut
215 3432 282 3487 ster.
298 3436 347 3488 etc.
362 3435 422 3503 AB,
441 3446 511 3488 corr.
526 3429 585 3495 Ro,·
605 3430 738 3499 fort.*ab
758 3430 819 3498 hec,
839 3446 919 3499 quae,
938 3430 1017 3498 qnod
1035 3446 1121 3502 pree·

135 3500 225 3571 eedit,
247 3507 300 3561 eut
320 3511 372 3564 etc.
386 3508 396 3580 1
410 3502 559 3579 pepererit
572 3507 598 3556 n
