2392 3862
503 211 716 267 PRAEFATIO.
1024 212 1089 268 XIII

126 360 175 420 Pii
197 361 243 420 III
267 361 387 421 nomine
411 363 535 421 ornatus
560 381 709 421 summum
731 361 938 437 pontificatum
961 363 1087 440 adeptus

127 449 196 538 est)
230 458 302 518 data
330 459 405 518 haec
432 459 549 519 scribit:
582 452 751 534 „Centum
780 462 815 519 et
841 460 1000 538 triginta
1028 479 1089 520 sex

124 554 346 624 QuIntiliani
373 556 665 616 declamationes
693 558 735 617 ad
762 560 797 616 te
826 577 939 634 nuper
961 577 978 616 e
1002 556 1087 617 Ger-

123 653 245 713 mania
277 653 409 713 missas
438 652 614 723 Quintiliani
646 673 712 714 esse
747 647 817 734 (sio)
844 656 989 729 arbitror,
1023 646 1087 736 (ut)

124 753 180 811 etc.
199 795 233 811 ..
272 749 480 811 Coniecturam
506 751 605 810 facere
633 770 670 810 ex
695 753 761 828 ipso
790 753 889 813 codice
912 753 996 829 licet,
1028 753 1088 828 pri·

124 867 208 907 mum
237 848 317 924 quod
343 850 529 908 trecentas
553 848 747 926 sexaginta
770 850 886 910 fuisse
910 850 1086 926 ostenditur,

126 964 214 1022 quem
243 963 401 1004 numerum
423 945 522 1004 nescio
547 963 586 1003 an
609 946 686 1005 alius
710 966 801 1023 quam
824 946 879 1016 ou.
902 947 1086 1022 impleverit3

127 1042 234 1103 deiude
257 1042 397 1119 qnoniam
420 1041 481 1111 ou⁰
504 1044 726 1120 attribuuntur3
749 1062 804 1103 nec
826 1045 922 1104 multo
946 1047 1014 1119 post
1034 1036 1088 1114 Qu¹

127 1144 264 1217 tempora
297 1140 479 1217 exscriptum
506 1141 578 1198 tam
606 1144 789 1200 vetustum
818 1142 977 1201 codicem
1005 1143 1087 1217 puto,

128 1241 165 1296 ut
193 1238 287 1297 errari
309 1241 372 1296 tam
395 1238 507 1296 recenti
529 1239 674 1299 memoria
696 1239 746 1298 vix
768 1238 910 1315 potuerit.
930 1282 963 1298 ..
1001 1238 1088 1297 Sub-

127 1340 330 1411 sequuntur
352 1335 390 1392 in
412 1334 534 1394 codice
558 1334 862 1395 declamationum
885 1335 1040 1394 Senecae
1059 1336 1087 1393 X

125 1433 293 1493 libri...
325 1431 527 1491 Secundum
558 1432 622 1491 has
656 1430 840 1491 Calfurnii
872 1432 994 1492 Flacci
1026 1451 1087 1492 ex·

126 1533 253 1605 ceptae
276 1530 423 1606 quaedam
447 1547 560 1606 paucae
578 1527 797 1604 perbrevesque
816 1529 1087 1590 sententiae...

128 1627 202 1686 Post
228 1627 307 1686 hunc
331 1621 444 1686 ‘Finis
470 1618 744 1700 Excerptarum'
768 1624 966 1684 subscribitur
989 1625 1085 1684 literis

127 1723 299 1784 maiusculis
329 1727 361 1783 et
383 1717 547 1783 ‘Antonii
568 1716 720 1782 Iuliani'
740 1766 774 1780 ..
802 1741 836 1781 ac
863 1742 932 1782 mox
960 1727 990 1783 et
1018 1717 1086 1782 ‘ex-

125 1825 382 1897 temporaneae
413 1813 651 1890 Quintiliani'
678 1820 910 1895 promittuntur,
937 1823 973 1879 ut
998 1820 1086 1880 facile

128 1921 281 1994 appareat,
305 1918 516 1977 subsecuturas
541 1918 633 1977 fuisse
656 1913 928 1992 extemporaneas“.

193 2015 322 2074 Videtur
339 2015 388 2072 hic
406 2014 483 2074 Iiber
500 2015 594 2074 fuisse
612 2014 644 2072 in
661 2013 843 2073 bibliotheca
861 2014 1019 2073 cardinalis
1035 2013 1085 2074 Se-

125 2113 240 2187 nensis,
264 2109 444 2184 Campanus,
463 2114 498 2169 ut
516 2129 593 2170 anno
615 2111 700 2169 1468
719 2109 918 2169 institutionis
937 2110 1086 2171 oratoriae

126 2207 288 2267 editionem
311 2204 503 2282 vulgaverat,
526 2206 570 2264 ita
592 2206 720 2265 fortasse
743 2205 972 2266 declamationes
996 2207 1084 2268 edere

124 2305 189 2380 ipse
210 2304 243 2362 in
266 2302 365 2362 animo
387 2302 518 2362 habebat
537 2303 587 2363 vel
606 2302 673 2361 aliis
693 2302 801 2362 saltem
820 2322 945 2363 censura
964 2323 1026 2381 sua,
1049 2309 1084 2365 ut

126 2403 260 2477 ederent,
289 2393 534 2482 commendare*)
561 2399 666 2461 voluit.
708 2399 780 2490 lion
808 2405 854 2460 est
881 2401 961 2461 facta
988 2404 1084 2479 proxi-

124 2499 181 2558 mis
205 2499 290 2557 annis
311 2497 412 2574 editio,
436 2500 467 2557 et
489 2500 581 2558 codex
603 2497 717 2575 perisse
739 2499 868 2559 videtur.
905 2498 999 2560 Senae
1019 2501 1084 2559 nul-

124 2597 198 2671 lum,
217 2598 252 2654 ut
270 2595 409 2670 comperi,
429 2596 492 2655 eius
513 2596 683 2674 vestigium.
717 2593 775 2655 Sed
790 2615 826 2655 ex
840 2594 964 2657 Senensi
977 2597 1082 2659 biblio·

125 2694 214 2753 theca
235 2692 366 2769 plurima
388 2691 544 2751 literarum
566 2696 759 2753 monumenta
781 2686 1011 2775 („Urkunden“)
1035 2697 1084 2755 vel

124 2790 191 2868 ipsa
213 2790 263 2849 vel
285 2791 466 2865 transcripta
489 2791 647 2866 deportata
670 2807 735 2849 esse
758 2790 884 2849 Romam
907 2789 938 2847 in
962 2789 1082 2868 Ohigia·

196 2923 222 2991 ¹⁸)
242 2922 277 2977 cf.
296 2938 369 2992 quae
385 2921 415 2976 in
429 2923 590 2979 laudatione
605 2923 668 2992 viri,
687 2922 870 2993 epistolarum
885 2922 1010 2993 editioni,
1028 2924 1083 2980 Ro·

125 3010 189 3048 mae
210 2998 279 3048 1495
298 2996 328 3047 et
345 2992 471 3048 Venetiis
490 3000 559 3050 1502
578 2994 638 3063 iol,
658 2994 768 3049 adiecta
782 2992 905 3048 Michael
918 2994 1023 3049 Femus
1041 2996 1084 3050 di·

125 3064 178 3119 cit:
198 3065 304 3133 „Nemo
324 3064 512 3120 litteratorum
531 3083 615 3120 ausus
634 3082 667 3120 eo
681 3066 807 3134 temore
822 3065 972 3134 quiequam
986 3066 1083 3121 fuisset

126 3136 221 3202 edere,
246 3136 294 3203 qui
316 3134 393 3189 illius
416 3139 483 3190 ante
505 3136 640 3191 iudicium
663 3135 886 3204 sententiamque
909 3152 966 3190 non
986 3137 1082 3206 explo-

125 3208 220 3261 rasset.
257 3205 390 3277 Magnam
414 3208 438 3262 is
462 3207 554 3262 labori
577 3223 627 3261 suo
651 3205 770 3277 gloriam
793 3206 934 3261 addidisse
952 3207 1082 3276 ducebat,

125 3277 171 3331 cui
188 3276 271 3331 huius
290 3278 496 3332 commendatio
515 3277 683 3333 accessisset.
712 3277 785 3332 Hinc
802 3293 885 3332 namo
902 3277 933 3331 in
950 3279 1013 3332 tota
1030 3278 1081 3332 im·

123 3363 283 3417 pressorum
296 3347 433 3418 Hesperia
452 3365 485 3404 ea
498 3350 667 3418 tempestate
681 3365 751 3417 opus
765 3347 982 3417 imprimendum
997 3347 1081 3403 susci-

124 3434 191 3488 pere
209 3419 283 3473 velle
301 3417 457 3487 videbatur,
477 3418 522 3474 cui
535 3419 613 3474 illius
629 3417 878 3474 commendationis
892 3419 1011 3488 epistola
1025 3435 1082 3474 non

125 3488 336 3559 praeluxisset.“
1041 3540 1140 3640 ..
