2392 3862
140 180 205 244 152
506 177 735 245 QUINTILIANI

139 347 228 408 runt:
259 364 317 407 vos
341 363 432 425 vero,
456 342 511 425 qui
533 343 664 426 nuptias
687 340 796 406 facitis
820 342 854 406 in
876 363 1029 427 poenam,
1058 342 1100 407 ad

133 454 219 516 quos
242 452 358 495 uxores
381 451 440 515 per
463 430 612 496 lictorem
635 429 848 513 deducuntur,
878 430 911 494 id
935 430 1104 495 vindicare

138 542 205 585 non
227 518 379 603 potestis,
411 518 497 602 quod
526 520 571 583 sic
593 519 788 604 impetratis.
833 514 896 582 Sed
923 522 961 582 ut
989 520 1104 584 omnia.

138 607 413 692 praetermittam
449 607 531 671 nihil
555 611 684 691 praeter
707 608 851 671 animum
874 609 977 691 patris
1002 608 1099 672 aesti-

104 714 229 762 smare
249 696 397 761 debuisti.
428 697 543 760 ceteris
561 695 702 761 forsitan
725 694 854 761 defendi
876 696 1004 781 legibus
1027 718 1101 780 pos·

141 785 198 850 sis:
236 807 287 868 ea,
318 807 400 869 quae
430 785 471 848 ad
502 784 604 866 patris
635 787 669 848 te
700 784 860 868 obligavit
887 785 1103 868 voluntatem,

140 874 213 938 exui
239 896 305 938 non
332 878 432 958 potes.
480 872 593 938 abdico
617 875 663 957 tc,
686 873 738 936 vel
761 872 846 956 quod
869 873 1014 958 unicum,
1046 875 1102 938 vel

140 963 225 1046 quod
249 963 386 1027 alterum
409 960 544 1046 perdidi.

206 1050 320 1136 Eligat
342 1051 420 1134 ipse,
444 1049 574 1134 qualem
598 1049 708 1114 sortiri
726 1050 805 1114 velit
827 1053 963 1134 patrem,
985 1051 1102 1116 mitem

87 1156 121 1204 10
141 1162 182 1203 an
205 1140 337 1224 fortem3
362 1139 416 1203 det
439 1158 556 1222 morae,
578 1139 654 1203 dum
678 1137 840 1204 custodiat
863 1159 943 1222 quos
962 1138 1099 1204 dederit:

142 1250 214 1291 cum
248 1228 411 1293 adulteros
444 1226 613 1312 occideris,
653 1249 785 1292 necesse
816 1226 918 1291 habes
952 1249 1101 1293 severum

138 1320 265 1400 patrem
294 1317 413 1381 sortiri.
459 1315 573 1380 abdico
601 1319 766 1399 raptorem
791 1352 829 1362 -
854 1315 991 1379 necdum
1019 1315 1103 1400 dieo,

140 1405 243 1469 cuius:
271 1405 334 1470 hoc
357 1407 442 1469 certe
466 1403 537 1468 dico
561 1427 619 1467 -ε
647 1403 787 1487 rapuisti
809 1403 985 1489 virginem,
1008 1405 1098 1488 pacis

139 1492 256 1556 faeiem
285 1492 440 1577 turbasti,
467 1492 576 1557 fecisti
603 1496 738 1577 propter
767 1492 853 1577 quod
879 1491 964 1557 iuste
996 1493 1100 1557 occidi

86 1598 120 1646 15
139 1601 259 1665 posses.
290 1581 388 1645 edisti
411 1602 462 1645 me
485 1584 662 1664 praeterea,
686 1584 718 1645 et
736 1584 920 1665 propterte
940 1581 1099 1646 sollicitus

139 1668 200 1746 fui3
231 1669 317 1751 quod
340 1673 411 1733 erat
434 1669 675 1753 gravissimum,
698 1690 828 1734 necesse
851 1669 952 1733 habui
974 1689 1101 1754 rogare.

140 1757 168 1821 si
196 1757 334 1839 rapuisti
364 1757 475 1822 fratris
501 1757 550 1823 tui
578 1779 745 1842 sponsam,
772 1780 838 1823 non
862 1757 983 1822 sufficit
1011 1781 1101 1823 seve-

138 1846 233 1929 ritas3
266 1867 331 1911 non
359 1868 430 1911 sum
458 1846 644 1911 iracundus:
676 1867 742 1911 non
770 1850 820 1911 est
847 1846 927 1911 haec
954 1847 1102 1933 vulgaris

139 1935 255 2020 libido,
284 1935 340 2000 sed
363 1936 530 2000 incestum.
576 1937 613 1999 tu
636 1956 822 2020 expugnare
846 1935 1013 2000 absentem
1036 1935 1099 2000 fra·

86 2040 120 2090 20
139 2027 222 2088 trem
245 2046 343 2090 ausus
367 2047 401 2090 es
426 2027 458 2089 et
480 2024 597 2109 fecisti,
619 2027 657 2088 ut
674 2023 839 2090 videretur
855 2023 966 2109 puella
983 2046 1100 2108 parum

138 2112 253 2196 pudice
276 2114 399 2180 fecisse.
805 2164 812 2172 .
919 2124 922 2128 ’

206 2202 290 2278 Quid
314 2202 511 2287 respondes?
535 2202 611 2286 quid
634 2201 736 2266 diois?
761 2202 867 2265 solent
889 2201 953 2265 ista
976 2201 1022 2265 sic
1045 2200 1102 2266 de-

139 2289 241 2354 fendi:
264 2291 412 2374 „iuvenis
437 2291 556 2373 erravi,
579 2293 612 2354 et
635 2310 745 2354 amore
768 2290 879 2374 lapsus
903 2287 1004 2353 sum.“
1048 2290 1103 2354 vis

139 2377 241 2460 igitur
265 2377 457 2462 ignoscam?
488 2377 570 2442 nihil
594 2381 644 2443 est
667 2377 790 2460 gratius
815 2377 956 2463 (quam)
979 2377 1100 2461 inposi-

86 2481 120 2530 25
140 2468 209 2528 tarn
229 2467 434 2532 severitatem
453 2487 610 2550 personae
629 2466 765 2531 detrahi.
789 2465 830 2530 do
850 2466 940 2531 vitiis
959 2466 1103 2532 veniam:

139 2553 240 2617 habes
263 2557 390 2637 patrem
413 2555 528 2638 lenem,
551 2554 677 2640 mitem3
701 2554 876 2620 sceleribus
899 2554 1034 2640 ignosco
1049 2579 1102 2619 -ε

139 2641 237 2705 redde
274 2643 448 2728 rationem,
485 2664 541 2706 cur
577 2664 661 2707 nuno
698 2647 734 2707 tu
768 2643 922 2708 occideris
954 2643 1103 2709 fratrem.

141 2730 227 2814 quod
250 2733 379 2795 tantum
398 2732 503 2797 scelus
521 2731 659 2796 inveniri
677 2735 797 2816 potest,
820 2732 906 2817 quod
924 2731 1099 2816 parricidio

139 2818 370 2884 vindicandum
395 2819 460 2886 sit?
505 2820 563 2885 ubi
586 2822 663 2885 sunt
684 2819 744 2884 illa
766 2824 954 2906 praecepta,
982 2820 1099 2905 quibus

86 2925 120 2973 30
140 2908 323 2992 monebam,
346 2912 384 2973 ut
407 2908 579 2975 concordes
604 2911 712 2974 essent
734 2907 873 2974 fratres?
910 2930 1026 2994 parum
1050 2912 1104 2973 est

141 2996 259 3082 dicere,
289 2997 421 3062 voluisti
444 2998 588 3063 occidere
611 3021 667 3062 -ε
690 2997 841 3082 potuisti3
874 3019 940 3062 non
964 2997 1101 3085 diriguit

210 3179 227 3226 4
245 3171 426 3241 praemittam
444 3175 465 3225 B
487 3175 497 3242 l
520 3171 622 3244 patris]
641 3177 807 3242 praesens?
829 3174 839 3242 1]
863 3177 878 3226 6
897 3172 999 3245 patris]
1018 3188 1099 3243 prae·

138 3260 200 3297 sens
218 3245 290 3312 l’sst
311 3243 405 3313 elegat
422 3247 453 3312 Α,
473 3241 555 3312 eligit
571 3245 615 3313 Pl
629 3243 702 3299 vella
720 3246 785 3297 Μ
799 3245 809 3312 ΙΙ
823 3248 857 3297 10
877 3242 987 3298 dederis
1004 3244 1098 3313 81113

138 3315 216 3368 cuius
234 3315 288 3370 hoo
307 3319 382 3370 certe
401 3314 464 3369 dieo
484 3315 562 3368 cuius
580 3315 635 3369 hoc
653 3316 728 3370 certe
747 3313 811 3370 dieo
829 3318 852 3365 A
864 3313 874 3382 l
890 3318 923 3367 15
961 3316 1036 3370 reter
1053 3319 1077 3367 Δ
1089 3312 1100 3386 ll

139 3389 172 3438 16
191 3384 286 3453 rogari
303 3389 323 3436 Β
338 3387 348 3455 ΙΙ
361 3391 395 3439 22
415 3384 491 3441 dices
508 3389 529 3436 B
543 3386 554 3455 ΙΙ
567 3391 602 3439 24
616 3385 729 3456 grarim
743 3388 801 3453 n,
815 3399 882 3440 corr.
894 3332 961 3454 Grl
971 3383 1101 3458 (quam)

139 3451 203 3521 Gru
218 3461 251 3510 26
271 3457 337 3510 abes
356 3455 525 3526 Admittem
543 3461 583 3509 Ab
602 3459 611 3527 ss
629 3461 664 3511 27
685 3465 716 3512 Ν
736 3461 760 3509 Δ
