2392 3862
342 215 661 271 DEOLAMATIONES.
680 215 847 272 CCLXXIII.
1011 216 1073 280 117
1125 268 1126 274 ,

111 400 184 468 rum
207 379 355 463 ingressa
376 385 571 444 nocturnum
595 377 667 461 iter,
688 399 754 444 non
772 379 904 445 confusa
921 379 1075 463 tenebris,

111 489 180 533 non
203 468 359 552 periculo,
385 468 466 532 vicit
492 487 587 530 cursu
616 470 771 551 aetatem,
797 490 920 552 sexum,
942 468 1075 532 infirmi·

112 560 230 622 tatem:
253 555 429 642 †secuti†
453 556 551 638 cives,
580 555 738 639 quidquid
761 556 895 640 dixerat,
919 557 1075 641 quidquid

112 645 234 710 fecerat
257 649 369 710 mater.
408 644 495 709 salus
520 664 597 728 ergo
621 643 765 709 civitatis
789 648 822 709 et
840 646 988 726 victoria,
1011 668 1076 729 qua

111 755 197 799 nunc
216 734 404 819 gaudemus,
425 731 500 797 huic
524 732 689 798 debentur.
725 732 789 798 boc
812 737 862 799 est
884 735 1074 807 enuntiare?
1094 749 1110 799 5

479 906 712 976 CCLXXIIL

429 1031 582 1101 llcbitor
605 1031 760 1099 adulter.

112 1157 274 1225 Mlmrus
301 1175 527 1225 marmanum
550 1175 732 1224 aruncum
754 1175 850 1225 aona
872 1175 1076 1224 Possmnar.

200 1264 379 1316 ADVERSUS
398 1264 605 1314 sponsorem
623 1264 677 1313 sm
696 1263 813 1330 Aemo,
832 1265 924 1325 quan
942 1265 1075 1312 unvan-

203 1353 262 1402 sus
280 1344 495 1402 nnmroaan.
519 1353 613 1414 quon
633 1353 787 1401 Damion
804 1352 878 1401 non
892 1353 1074 1418 sonvnarr,
1096 1352 1129 1400 10

203 1441 358 1491 sponsor
382 1441 527 1490 sonvar.
558 1424 697 1501 Quidam
720 1424 900 1491 debitorem
924 1448 1018 1491 suum
1041 1425 1075 1490 in

204 1513 362 1578 adulterio
385 1513 605 1597 deprehendit.
639 1512 726 1578 bona
749 1516 858 1580 omnia
877 1514 1006 1599 exlege
1025 1535 1076 1580 oc-

203 1602 345 1685 cupauit:
369 1603 453 1686 petit
475 1602 621 1667 debitum
645 1602 686 1668 ab
711 1624 876 1687 sponsore.
898 1603 955 1668 ille
978 1601 1014 1669 Ο.
1037 1602 1075 1669 D.

478 1770 481 1774 ’
505 1777 680 1846 SERMO.
718 1777 744 1809 ‘⁴‘

179 1903 374 1987 Priusquam
415 1905 562 1969 venimus
609 1905 651 1969 ad
692 1926 838 1987 causam,
883 1917 1131 1989 praepararem

114 1990 303 2057 debebimus
333 1993 475 2056 animum
505 1992 619 2056 iudicis
642 2015 703 2076 pro
727 1993 799 2077 ipse
821 2013 961 2075 persona
984 2012 1078 2075 spon-

114 2101 206 2144 sons.

428 2181 768 2250 DECLAMATIO.

181 2309 310 2375 Petitur
333 2333 352 2375 a
374 2311 470 2375 nobis
492 2310 642 2394 pecunia,
676 2331 773 2394 quam
795 2331 863 2374 non
886 2311 1078 2398 accepimus,

113 2421 180 2479 non
203 2400 471 2484 consumpsimus,
493 2421 560 2465 non
582 2399 616 2465 in
640 2400 742 2464 ullum
761 2420 870 2464 rerum
890 2403 1077 2467 nostrarum
1096 2417 1130 2466 ac

114 2510 209 2554 usum
233 2489 460 2556 convertimus.
496 2489 595 2554 etiarn
618 2510 691 2553 cum
714 2488 801 2554 istud
823 2489 1004 2572 periculum
1028 2496 1079 2556 est

115 2577 293 2662 sponsoris,
314 2577 502 2643 miserabile
522 2582 585 2644 cst:
608 2577 758 2643 bonitate
776 2576 908 2663 labitur,
930 2578 1078 2645 humani-

113 2669 183 2731 tate
210 2668 395 2731 conturbat
438 2666 501 2732 boc
529 2688 593 2752 quo
621 2666 786 2751 pertinet?
822 2689 888 2734 non
910 2671 948 2733 ut
970 2672 1076 2733 extor-

113 2775 230 2837 queam
254 2754 356 2840 vobis,
382 2755 515 2840 iudices,
537 2755 743 2841 religionem:
772 2755 827 2820 sed
845 2759 887 2835 'ut
909 2757 1077 2841 intellega-

113 2843 173 2928 tis,
196 2843 282 2927 quod
305 2842 451 2927 profecto
475 2845 680 2930 cognoscitis,
702 2865 768 2911 non
791 2866 861 2930 esse
885 2846 1078 2930 exigendum
1096 2857 1130 2907 25

114 2953 134 2997 a
166 2953 324 3015 sponsore
356 2932 529 3015 creditum,
561 2933 627 2999 nisi
658 2934 726 2998 iure
756 2956 893 3000 summo.
938 2933 987 2999 De
1014 2954 1077 3017 quo

113 3019 302 3104 priusquam
325 3021 455 3105 loquor,
482 3022 661 3088 etiamnum
684 3043 735 3106 ea,
758 3045 840 3107 quae
862 3021 1077 3086 humanitatis

113 3112 147 3174 et
179 3109 421 3174 consuetudinis
454 3113 529 3194 grat
514 3110 562 3174 tia
595 3111 660 3175 dici
691 3112 811 3195 solent,
847 3133 914 3175 non
946 3109 1077 3173 omitto:

115 3300 118 3304 ·
185 3283 384 3339 tinfirmitste
402 3288 426 3336 A
428 3287 478 3366 [13
498 3283 583 3366 sicuti
595 3286 644 3366 ΒΙΙ
664 3289 680 3339 t
699 3284 841 3339 enunciari
859 3285 934 3352 1118
952 3281 1077 3351 posside-

112 3354 165 3408 bat
181 3357 202 3406 B
225 3355 235 3423 ΙΙ
260 3361 291 3409 16
310 3355 451 3424 sponsoris
470 3372 528 3410 non
545 3354 575 3408 iu
592 3353 674 3408 illum
691 3371 770 3410 reum
789 3369 839 3424 pro
858 3356 956 3408 nostra
973 3357 994 3405 B
1014 3355 1023 3426 ῃ
1041 3359 1078 3410 20

113 3440 189 3480 cons.
208 3442 260 3480 neo
278 3425 347 3479 inB
369 3426 380 3495 i
406 3426 543 3494 illumA3
563 3425 653 3480 ullum
670 3442 763 3481 rerum
781 3426 868 3480 nostr.
887 3441 937 3480 om.
957 3429 978 3477 B
1005 3426 1086 3494 qb&

112 3494 250 3550 iudicium
268 3498 313 3565 All
328 3502 361 3551 28
381 3496 482 3552 amitto
501 3500 524 3548 Α
1059 3442 1165 3640 1-
