2392 3862
297 232 614 290 DECLAMATIONES
633 231 872 289 OCCLXXXVIII
1002 233 1067 298 437

111 400 246 481 surgent
247 396 275 461 is
296 398 350 477 [an
310 399 384 460 ante
404 398 516 480 quam]
536 394 610 460 freti
628 394 805 461 faoiesant
790 398 952 478 tetemet,
971 415 1069 479 quam

111 485 239 568 decipit.
298 485 422 549 utinam
459 483 588 569 quidem
624 483 783 549 eiusmodi
806 418 1069 568 etempestatibus

110 574 286 657 productus
305 593 402 656 essee,
423 573 519 658 puerl
542 576 579 637 tu
598 573 707 656 potius
721 575 860 637 matrem
874 572 1070 657 reliquisses.

111 661 259 745 Denique
288 682 352 745 quo
379 664 525 745 tempore
549 660 757 726 submersus?
804 661 880 725 dum
904 661 1070 746 adplicant

110 750 244 835 piratae,
263 772 305 814 an
319 747 417 814 ante?
440 749 576 814 necdum
596 748 682 813 scie?
707 753 776 814 tam
796 771 908 814 secura
927 749 983 814 es?
1006 749 1104 815 hooc

110 839 208 903 matri
231 858 297 902 non
320 837 424 902 credo.
448 859 505 903 cur
528 838 614 901 enim
633 859 728 902 nemo
748 859 786 902 ex
804 837 1005 923 paedagogis
1024 838 1071 903 vi·

110 927 182 992 dit?
228 927 256 991 si
284 926 378 1010 vidit,
411 948 467 990 our
494 925 659 991 laboranti
687 926 844 991 auxilium
871 947 938 991 non
967 924 1070 991 tulit?

112 1015 188 1080 dum
221 1014 408 1098 adplicant?
458 1035 588 1079 necesse
621 1017 672 1079 est
703 1015 815 1101 utique
848 1017 925 1080 tuno
953 1014 1070 1079 fluctus

110 1103 264 1169 vitaverit
293 1107 326 1167 et
353 1104 423 1187 ipse
452 1123 578 1187 quoque
604 1103 728 1188 piratas
751 1103 882 1187 sugerit.
928 1124 971 1167 an
993 1124 1070 1167 vero

111 1190 224 1256 eodem
251 1195 398 1275 tempore
426 1194 458 1256 et
485 1191 592 1276 pirata
619 1190 763 1276 adplicat
786 1195 819 1256 et
840 1191 958 1257 fluctus
980 1211 1071 1275 prae
1091 1206 1124 1255 10

110 1280 230 1345 datur?
275 1299 355 1364 rogo
382 1301 457 1346 vos:
489 1280 544 1364 qui
574 1282 650 1344 ante
678 1279 854 1345 adventum
880 1282 971 1343 tutus
998 1279 1072 1365 fuit,

112 1369 253 1434 adventu
275 1368 401 1452 piratae
424 1366 530 1451 perit?
552 1389 628 1452 „our
646 1389 733 1454 ergo,
756 1369 871 1454 inquit,
893 1389 988 1433 nemo
1007 1367 1072 1432 cla·

112 1460 255 1522 mantem
274 1455 422 1522 audiit?“
444 1457 587 1542 primum
605 1456 732 1521 vicinus
751 1454 910 1521 undarum
929 1456 1072 1522 saevien·
1116 1453 1120 1458 ’

110 1545 194 1609 tium
226 1545 338 1631 fragor
367 1545 567 1610 audientium
590 1545 722 1610 auribus
745 1545 905 1610 minorem
929 1543 1072 1610 exclude·

111 1633 170 1698 bat
201 1655 329 1719 sonum3
366 1633 480 1699 deinde
510 1634 545 1699 in
574 1636 668 1699 tanto
701 1633 845 1699 tumultu
875 1632 1072 1718 fugientium
1092 1646 1124 1696 15

111 1722 230 1806 perisse
253 1743 366 1787 vocem
388 1744 455 1788 non
479 1722 671 1787 mirumt
620 1725 679 1787 est.
723 1721 851 1805 quidt
823 1722 961 1786 itanon
984 1721 1073 1787 audi-

112 1814 167 1874 tus
196 1809 267 1875 est?
313 1832 367 1896 ne,
395 1831 531 1895 quaeso,
559 1809 684 1875 infelici
710 1831 810 1892 puero
838 1809 1000 1874 vilitatem
1023 1809 1075 1874 sui

111 1900 218 1983 Imput
220 1899 338 1980 avenis,
360 1899 446 1982 quod
469 1899 617 1981 relictus,
641 1896 727 1981 qnod
750 1897 897 1961 desertus
921 1901 979 1961 est
1016 1919 1073 1961 cnr

112 2008 179 2051 non
197 1984 340 2050 audisti?
363 1986 494 2070 longius
512 1986 653 2070 fugeras
679 1982 762 2068 „Sed
775 1987 851 2069 post
863 2005 985 2068 paucos
1005 1984 1073 2050 dies

112 2095 228 2156 corpus
253 2074 422 2157 expulsum
447 2072 524 2138 est.“
552 2072 636 2150 Quid
653 2073 781 2157 mirum,
799 2073 856 2137 ubi
873 2073 1000 2156 piratae
1018 2095 1073 2138 va·
1091 2088 1125 2136 ιο

113 2165 194 2246 gant
179 2159 253 2226 tur?
273 2161 350 2245 quid
363 2165 400 2226 tu
413 2183 521 2246 porro,
535 2162 658 2247 inpune
677 2160 843 2246 sempe<r>
858 2161 963 2226 maria
976 2161 1073 2226 traici

112 2253 172 2336 put
157 2248 231 2315 tas?
267 2271 334 2314 non
361 2249 469 2315 minus
496 2271 631 2334 possum
659 2249 764 2314 dicere
795 2250 935 2314 alienum
962 2249 1105 2333 fuisse,

113 2361 212 2423 quam
234 2340 328 2403 tuum
352 2338 471 2404 filium:
495 2339 591 2425 signa
614 2337 749 2417 confusa
773 2342 857 2403 sunt.
886 2338 987 2402 immo
1006 2359 1072 2402 cre·

114 2426 246 2492 dibilius
270 2430 334 2511 est,
361 2426 514 2513 naufragi
541 2425 643 2493 fuisse
665 2413 758 2512 (litus
783 2427 869 2491 enim
893 2447 1074 2511 amoenum,

112 2537 180 2580 non
201 2514 339 2580 infestos
364 2515 514 2599 scopulos
537 2512 668 2602 habet),
695 2516 808 2600 utique
830 2518 930 2601 »post
952 2536 1072 2599 pancos
1091 2528 1126 2578 25

114 2603 209 2668 dies«
246 2624 319 2678 curn
354 2604 445 2668 dicas
477 2603 706 2687 »expulsum«
738 2604 831 2668 illum
864 2624 940 2669 vero
973 2605 1073 2688 longo

113 2694 259 2776 tempore
282 2713 350 2757 non
373 2693 559 2776 expulsum,
589 2693 647 2756 sed
669 2692 866 2758 advolutum.
913 2691 1073 2777 quomodo

116 2784 225 2846 antem
257 2781 366 2864 potuit
400 2780 534 2846 confusa
560 2780 642 2845 facie
676 2780 833 2864 agnosci?
879 2785 1005 2865 ,‚aetaa,
1027 2781 1075 2844 in·

115 2868 196 2953 quit,
220 2868 469 2935 conveniebat“:
493 2869 555 2934 hoc
573 2869 659 2933 inter
678 2873 872 2954 argumenta
890 2891 961 2934 mea
980 2869 1075 2933 mini·

190 3081 290 3133 laute
311 3095 367 3147 qua
385 3079 469 3133 fracti
486 3077 574 3134 facies
593 3082 657 3145 ΑΒ,
676 3093 746 3134 corr
764 3078 853 3148 Aeru
875 3075 957 3131 territ
944 3078 1025 3131 ta·
998 3077 1074 3149 -ΒΗ
1192 3114 1194 3151 :

114 3149 261 3218 ddecepit
248 3150 300 3203 tB
323 3150 333 3218 ΙΙ
355 3154 371 3202 3
390 3149 500 3218 patrem
520 3152 571 3202 ΑΒ
594 3148 604 3218 ΙΙ
625 3148 807 3218 relinquintes
826 3153 849 3200 A
866 3149 876 3217 ΙΙ
894 3153 911 3201 4
929 3146 1018 3200 subm.
1038 3164 1075 3202 an
1169 3162 1194 3221 Ι·

114 3221 181 3303 dum
199 3220 336 3289 Ellopp
346 3221 440 3290 ΔΙΙΙΒ
458 3219 544 3290 periit
561 3220 621 3276 cdd.
645 3222 654 3290 l
679 3225 711 3273 13
731 3219 847 3274 audit?
867 3221 876 3287 l
898 3223 931 3272 16
949 3219 1073 3301 praeter-

113 3290 169 3346 isse
188 3293 255 3360 AB,
272 3305 340 3347 corr
359 3289 430 3360 Bon
450 3289 897 3360 17—18auumputavcritn‚
919 3287 962 3347 sui
984 3288 1074 3358 impu·

112 3359 218 3417 tavent
235 3332 301 3427 Aer
319 3376 389 3417 corr.
405 3361 532 3443 Schlm
553 3376 637 3431 saepe
654 3365 702 3413 ΑΒ
708 3358 1075 3442 weorrdctltraicinll

114 3437 150 3486 24
168 3432 274 3500 fugisse
291 3432 336 3500 ΒΙΙ
350 3438 384 3485 26
402 3431 474 3486 illud
492 3432 536 3501 ΒΙΙ
549 3431 632 3502 longe
650 3437 673 3484 Δ
687 3432 697 3500 ΙΙ
708 3403 745 3485 ’29
763 3432 959 3500 argumentum
974 3434 996 3484 Β
1009 3432 1020 3500 ΙΙ
1033 3430 1075 3485 ni·

111 3503 214 3558 mirum
232 3506 252 3553 Β
1029 3516 1147 3636 ‘
