2392 3862
487 223 702 282 PRAEFATIO.
1013 227 1078 282 XIX

113 372 238 448 mensis3
259 417 267 434 .
282 419 289 434 .
306 374 427 434 Tertius
442 420 450 436 .
465 420 471 433 .
486 373 576 434 litera
590 378 656 434 erat
669 375 774 435 eadem
789 394 848 452 qua
861 396 955 439 meus.
988 378 1078 438 Prae-

115 475 200 531 terea
213 491 285 532 vero
304 490 401 547 neque
420 472 613 531 librariorum
631 491 728 549 neque
747 473 902 533 doctorum
916 474 1078 551 hominum,

113 571 167 646 qni
189 588 268 630 nunc
294 571 407 630 Romae
436 570 519 646 sunt,
546 569 704 646 respondit
729 571 888 646 quisquam
916 572 973 631 sibi
1000 573 1078 633 hunc

116 669 227 729 librum
241 671 312 727 ante
326 668 421 726 fuisse
435 669 589 744 cognitum
604 713 610 726 .
625 712 632 727 .
652 714 659 728 .
689 667 758 727 Non
772 687 844 745 ergo
861 688 909 727 me
923 670 1077 730 retardare

112 769 233 825 tantum
266 766 379 841 potuit,
416 766 554 841 antiquos
590 765 683 826 libros
720 765 801 841 quod
834 785 894 825 non
926 767 1077 845 haberem,

113 866 262 940 quantum
283 862 422 937 incitare,
448 881 486 922 ne
509 862 670 938 aliquando
693 863 880 939 paucissimi,
908 865 960 939 qui
979 868 1076 924 exsta-

113 965 195 1038 rent,
229 957 455 1019 amitterentur“
483 952 576 1039 11131)
630 960 777 1036 Equidem
804 961 879 1019 mihi
900 980 1077 1036 persuasum

115 1062 175 1135 est,
203 1057 366 1118 corradum
393 1057 485 1116 nullis
512 1076 601 1117 usum
625 1076 692 1117 esse
717 1058 803 1117 libris
831 1076 906 1135 mas,
936 1077 1010 1135 quos
1033 1060 1076 1134 vi:

113 1157 201 1217 detur
231 1155 407 1232 intellegere
442 1154 479 1213 ds
507 1155 637 1231 antiquis
669 1156 802 1230 loquens.
847 1155 927 1216 Novi
957 1159 1077 1216 tantum

112 1257 232 1330 praesto
257 1253 285 1313 ei
312 1255 383 1312 sunt
410 1256 486 1328 tres,
516 1271 644 1327 quorum
671 1253 744 1331 duo,
771 1272 838 1312 oum
862 1253 966 1313 eadem
988 1254 1077 1313 litera

112 1352 205 1410 fuisse
228 1351 384 1424 dicantur,
408 1349 542 1410 eiusdem
565 1349 868 1421 editionisvidentur
887 1352 1076 1426 exemplaria,

112 1449 343 1509 Mediolanensis
367 1443 485 1525 opinor,
513 1465 590 1523 quae
617 1442 684 1523 ipsa
705 1447 791 1506 nulla
814 1449 874 1506 1111
898 1451 956 1525 est,
986 1467 1076 1524 quam

114 1547 244 1622 repetita
266 1545 449 1605 Parmensis.

178 1631 264 1703 Licet
280 1662 350 1704 vero
364 1642 477 1701 fuerint
490 1642 553 1719 ille,
567 1661 656 1718 quem
670 1661 757 1702 suum
772 1642 844 1702 (11111
858 1640 980 1717 (missus
994 1643 1074 1703 Nea·

111 1733 187 1821 poli)
207 1743 238 1800 et
256 1740 334 1799 alter
353 1739 522 1799 simillimus
541 1739 569 1799 ei
586 1739 664 1800 liber
681 1759 741 1801 non
759 1741 842 1816 typis
862 1740 1003 1816 impressi
1023 1742 1075 1801 sed

112 1857 202 1897 manu
217 1837 329 1914 scripti,
342 1839 487 1898 momenti
495 1840 602 1918 'tamen
615 1838 936 1913 „contaminatissimae
950 1838 1076 1914 scriptu·

111 1933 182 1995 rae“
193 1954 296 1996 eorum
309 1953 370 1994 non
383 1936 513 1994 multum
521 1935 681 1995 tribuerim
690 1938 721 1994 et
729 1935 818 1995 facile
832 1935 1074 2014 existimaverim,

110 2034 205 2093 fuisse
227 2051 287 2091 non
309 2032 385 2090 alios
409 2050 499 2106 quam
521 2031 547 2088 B
567 2034 597 2091 et
620 2031 639 2090 b
662 2033 770 2107 libros,
793 2051 920 2108 quorum
945 2032 1074 2092 alterum

112 2130 275 2202 habemus,
298 2129 428 2187 alterum
449 2146 510 2187 non
532 2126 745 2188 desideramus.

180 2225 351 2285 Editionem
370 2224 618 2284 declamationum
636 2243 733 2301 neque
751 2225 921 2285 Sebastiam
939 2225 1075 2303 Gryphii

112 2325 160 2384 cui
193 2323 397 2383 destinauerat
429 2320 578 2382 Corradus
610 2323 814 2383 recensionem
846 2342 945 2400 suam,
981 2324 1075 2383 trium

111 2422 234 2482 illorum
256 2421 403 2479 librorum
425 2437 481 2495 ope
509 2420 717 2500 constitum,
744 2421 863 2482 invenio
887 2440 967 2495 eam,
996 2441 1073 2499 quae

111 2520 185 2578 haec
207 2520 311 2579 nostra
339 2509 370 2598 (
371 2517 501 2577 minores
525 2511 626 2598 decll.)
650 2520 799 2578 contineat
804 2511 868 2600 ,**)
890 2537 987 2594 neque
1009 2519 1073 2577 Hu-
1155 2511 1158 2518 ’

183 2651 209 2720 *)
228 2649 360 2706 Proxima
378 2666 491 2719 quoque
509 2651 595 2706 verba
613 2649 701 2732 digna
718 2669 792 2733 quae
804 2652 851 2707 hic
866 2652 1072 2707 exscribantur.

112 2721 216 2793 „Mira'
223 2722 298 2776 enim
311 2721 462 2791 paucitas'
453 2739 483 2775 ιιι
496 2720 589 2808 11111,
607 2724 637 2776 11
650 2720 793 2778 silentium
807 2723 842 2778 de
856 2724 923 2778 his
914 2741 945 2777 ι1
959 2722 1072 2803 scriptis

112 2794 258 2849 doctorum
277 2739 431 2847 hominum,
464 2791 557 2846 Semel
574 2788 716 2848 ὑπόθεσιν
730 2794 916 2862 Hieronymus
934 2791 1071 2863 protulit“

112 2865 157 2929 (cf.
182 2861 292 2944 quintil.
317 2862 405 2918 Decll.
424 2881 452 2932 p
467 2868 519 2917 209
534 2867 626 2932 sq.)·„
628 2864 722 2918 nescio
746 2881 783 2919 an
809 2881 843 2918 ex
865 2864 913 2933 iis,
942 2881 1012 2934 quas
1036 2864 1072 2919 ad

113 2933 208 2990 coen
230 2931 369 2990 interiisse
389 2934 579 3004 cognovimus
615 2934 733 2989 Patrum
755 2937 915 2990 nostrorum
938 2936 1074 2991 memoria

111 3006 230 3062 Iacobus
259 3004 1073 3076 8111111111111.1411,11541)11(111ι1111111111

110 3074 272 3131 hominibus
295 3075 365 3131 Rud.
384 3075 528 3158 Agricola
541 3079 571 3131 et
593 3075 738 3132 Cornelius
761 3077 888 3147 Agrippa
913 3079 980 3146 (nat.
1002 3081 1072 3131 148a

111 3148 219 3216 ‘scires
236 3149 400 3216 1111535)
420 3146 574 3216 respexisse
593 3147 629 3200 ad
647 3150 813 3216 argumenta
827 3164 861 3202 ex
874 3148 918 3202 his
933 3146 1073 3203 CXXXVI

113 3216 749 3298 1111111111-1111111111811111
766 3219 843 3274 locos
862 3219 898 3272 ad
916 3234 986 3287 quos
1001 3218 1071 3274 haec

112 3286 268 3359 spectant
259 3289 384 3344 invenire
398 3287 470 3342 milri
484 3306 542 3344 non
554 3289 682 3359 contigit.

164 3360 207 3429 **)
228 3359 357 3414 Ceterum
376 3357 554 3442 Gryphianus
577 3360 757 3429 posteriores,
780 3359 846 3415 inde
871 3377 889 3414 a
911 3376 987 3415 nona
1005 3359 1070 3414 anni

113 3437 181 3487 1555
204 3429 275 3485 mihi
297 3447 365 3558 nont
376 3430 450 3485 inter
468 3446 567 3485 manus
584 3430 711 3500 fuerunt,
734 3431 782 3486 sed
801 3448 835 3486 ex
853 3429 989 3500 catalogis
1008 3433 1071 3485 tan

110 3506 172 3558 turn
191 3505 343 3557 11111111

878 3589 924 3646 *0¹³⁵
