2392 3862
165 211 232 275 252
322 241 324 245 -
533 207 764 276 QUINTILIANI

165 375 232 439 tius
264 374 377 439 vivere.
424 374 489 439 utri
527 372 632 439 dabo?
673 377 747 438 uter
778 376 923 438 vestrum
954 376 1132 457 patronum

165 463 270 548 magis
295 461 534 547 desideraverit,
556 465 630 528 uter
649 467 793 527 vestrum
816 462 978 548 frugalius
1000 463 1130 547 vixerit,

164 557 236 616 uter
268 555 411 615 vestrum
445 551 622 616 modestior
655 550 768 634 fuerit3
805 551 885 635 quid
915 573 974 616 vos
1005 550 1130 617 diutius

164 639 316 705 traham?
347 662 404 704 —z
436 641 503 706 utri
533 640 676 705 voluero.
721 639 854 704 interim
885 640 1012 705 similes
1040 641 1131 724 estis,

131 749 146 797 o
166 729 300 793 eandem
330 751 461 795 eausam
483 728 622 793 hebetis.
653 744 733 792 'non
758 730 865 812 magis
889 750 950 816 ego
973 728 1013 793 de
1036 728 1132 794 vobis

166 818 309 884 iudicare
332 840 476 902 possum,
499 838 596 901 quam
619 819 776 899 patronus
800 821 917 883 vester.

551 1031 737 1101 cccxlx.

462 1175 640 1244 Adultera
662 1178 824 1273 venefica.

166 1323 229 1400 Qui
261 1345 394 1389 uxorem
427 1322 579 1388 adulterii
610 1345 700 1388 ream
726 1322 900 1406 detulerat,
932 1320 1015 1387 dixit
1045 1343 1129 1389 eom·

112 1431 145 1479 10
254 1433 386 1476 munem
417 1412 522 1476 filium
554 1415 674 1477 testem
707 1412 799 1479 fore..
834 1409 920 1475 inter
946 1432 1056 1477 moras
1083 1410 1130 1477 iu·

169 1520 176 1533 ·
254 1500 330 1564 dicii
362 1500 550 1565 adulescens
582 1498 744 1584 ambiguis
772 1500 873 1586 signis
897 1499 1068 1565 cruditatis
1097 1505 1129 1565 et

254 1588 370 1652 veneni
392 1588 539 1653 decessit
571 1589 643 1654 vult
665 1589 803 1655 maritus
823 1609 919 1674 agere
938 1609 1011 1654 oum
1030 1610 1129 1654 uxore

255 1675 410 1830 vffitfioij.
443 1676 500 1741 illa
524 1677 681 1763 postulat,
698 1683 737 1743 ut
755 1677 957 1761 praeferatm
974 1676 1130 1744 iudicium

254 1788 272 1829 a
346 1787 413 1830 eru.

113 1944 146 1994 a
476 1890 817 1993 'ouoummmo

234 2054 420 2138 Antequam
460 2053 633 2119 eriminum
670 2052 808 2118 facimus
844 2052 1131 2137 comparationem,

166 2143 212 2209 sio
233 2165 329 2230 agere
347 2164 493 2229 possum:
517 2142 664 2209 veneficii
687 2162 816 2209 accuso:
838 2140 1055 2227 respondem.
1078 2164 1129 2208 oo·

167 2232 268 2296 eis‘um
292 2255 312 2297 a
334 2237 368 2298 te
386 2233 491 2297 filium
510 2231 595 2296 dieo:
620 2230 810 2311 defende[s].
834 2230 1024 2314 simpatia,
1047 2253 1128 2315 quae

166 2319 284 2385 obicio:
312 2342 379 2384 non
401 2322 540 2405 possunt
562 2340 627 2385 uno
649 2319 770 2393 iudicio
793 2319 958 2403 eognos0i3
989 2340 1129 2405 aequum

113 2422 146 2471 20
167 2410 217 2470 est
244 2429 333 2472 ream
361 2408 559 2492 respondere
587 2407 627 2472 ad
656 2406 703 2490 id,
736 2407 821 2490 quod
850 2407 999 2474 obicitur.
1050 2413 1130 2493 puta

166 2495 315 2560 omittere
343 2518 408 2581 me,
437 2494 525 2581 quod
553 2499 649 2560 antea
673 2495 861 2578 obiecerim3
892 2517 1129 2580 nempereeve-

165 2604 237 2647 rare
265 2583 300 2648 in
328 2605 380 2668 eo,
410 2586 547 2668 propter
574 2583 659 2668 quod
688 2582 802 2647 detuli:
833 2583 872 2648 de
894 2583 965 2649 vita
988 2585 1129 2671 eogitari

167 2693 306 2755 aequum
335 2677 399 2757 est,
427 2673 466 2738 de
494 2672 618 2737 maiore
642 2671 841 2757 <re>quaeri
866 2673 965 2757 prius.
1010 2672 1130 2740 Postea

167 2760 284 2844 dicam,
314 2782 353 2825 ex
381 2782 445 2844 qua
472 2761 654 2826 diffidentia
680 2760 838 2846 praeferri
860 2761 1017 2828 iudicium
1040 2763 1130 2829 adul·

114 2864 147 2915 ao
166 2849 242 2913 terii
269 2849 360 2915 velit:
392 2850 525 2916 interim
557 2849 620 2916 duo
652 2850 791 2915 erimina
819 2850 905 2934 apud
931 2872 990 2915 vos
1012 2873 1129 2936 propo·

166 2940 301 3022 muniar,
330 2937 525 3004 adulterium
553 2942 587 3004 et
608 2939 830 3022 parricidium.
875 2940 915 3005 de
937 2943 1013 3004 utro
1036 2941 1127 3024 priua

169 3028 321 3114 cognosci
344 3028 496 3113 oportet?
520 3028 635 3094 hocine
652 3050 796 3121 ¹aequum
816 3032 879 3113 est,
903 3029 1033 3094 sceleris
1057 3049 1129 3114 gra-

238 3230 251 3277 1
271 3223 441 3290 viderent,
460 3236 530 3278 corr.
550 3221 615 3292 (ἕνῃ
632 3227 649 3276 2
669 3220 840 3277 desideravit
856 3222 901 3291 ΒΕ
920 3227 937 3276 3
956 3220 1043 3276 fuerit
1061 3238 1129 3291 quo·

163 3295 241 3349 niam
260 3295 329 3350 duos
346 3297 367 3347 B
385 3293 395 3364 [Ι
415 3299 431 3348 5
451 3293 569 3348 eandem
587 3297 611 3345 Δ
628 3295 638 3363 ΙΙ
658 3299 690 3348 17
708 3291 886 3363 respondem
905 3291 990 3362 Aerll
1010 3298 1043 3348 18
1062 3296 1129 3348 ante

163 3370 204 3418 Aa
226 3367 235 3433 u
259 3365 417 3491 defendeffis]
436 3365 493 3421 Aer
515 3366 525 3434 fl
547 3364 642 3434 patrie
664 3368 687 3416 Δ
707 3365 717 3432 fl
737 3369 770 3416 21
791 3362 919 3417 emittere
937 3366 958 3416 B
976 3365 987 3432 [1
1009 3362 1128 3419 obierim

109 3478 114 3486 .
164 3439 204 3487 Aa
217 3440 227 3505 fl
241 3441 275 3490 22
294 3436 365 3511 (te)
402 3437 473 3494 etuli
491 3435 545 3493 Sco
558 3437 567 3506 ΙΙ
581 3440 615 3490 23
634 3435 759 3489 maiorae
777 3433 823 3503 At!
840 3431 913 3506 (re)
932 3433 1130 3505 θν124ρτο·

165 3505 233 3560 ferri
253 3508 344 3576 31127
364 3508 477 3582 hocine]
495 3510 551 3563 hoo
568 3522 632 3562 mea
648 3509 669 3559 1
683 3504 693 3574 ΙΙ
706 3506 750 3560 eet
767 3519 818 3560 om.
836 3509 857 3556 ι’
