2392 3862
145 198 188 262 98
509 197 739 263 QUINTILIANI

233 381 343 443 parem
367 360 455 444 dicit,
483 364 516 425 et
543 359 623 426 duos
647 382 770 441 servos,
794 381 874 445 quos
898 361 986 426 solos
1015 361 1106 426 exilii

234 449 367 514 comites
391 449 560 532 habuerat,
583 450 618 514 in
641 449 862 533 quaestionem
884 448 1067 532 pollicetur.
1186 505 1189 512 .

355 648 361 658 ’
455 659 789 726 DnoLAMATIO.

209 782 404 868 Depositum
426 789 511 868 peto.

106 887 122 936 5
211 870 283 936 Scio
305 872 392 937 huuc
416 893 486 937 esse
510 870 655 939 ordinem
672 870 885 955 probationis,
904 874 941 937 ut
957 873 1106 955 primum

143 960 313 1025 ostendam
324 960 418 1045 (me)
431 959 585 1025 habuisse
599 959 775 1045 pecuniam,
790 981 888 1044 quam
899 959 1101 1044 deponerem,

141 1049 180 1114 de
197 1048 259 1115 hoc
270 1070 368 1121 nemo
387 1048 529 1115 dubitat:
549 1048 638 1113 dives
652 1047 709 1112 fui.
724 1046 852 1112 etiamsi
871 1069 922 1113 me
939 1050 1103 1133 cupiditas

141 1138 236 1202 amici
251 1137 291 1201 ad
306 1137 385 1203 duos
401 1159 511 1203 servos
525 1136 663 1224 redegit,
677 1135 851 1221 aliquando
865 1140 976 1204 tamen
989 1160 1102 1204 nume·

139 1225 237 1289 rebar
245 1225 331 1290 inter
339 1225 501 1310 principes
511 1225 606 1289 huius
621 1223 773 1291 civitatis.
783 1214 815 1289 et
825 1225 991 1310 cismatis,
1004 1247 1101 1309 pecu·

88 1329 120 1378 10
139 1314 228 1382 niam
255 1336 319 1380 non
351 1315 432 1380 satis
460 1335 543 1392 esse,
569 1313 803 1399 patrimonium
831 1334 939 1378 meum
962 1313 1100 1380 detinet:

139 1403 167 1466 si
190 1402 335 1486 domum,
363 1403 391 1466 si
414 1401 588 1487 mancipia,
617 1401 645 1466 si
672 1402 804 1468 vendita
825 1422 896 1466 essa
920 1403 1042 1485 omnia,
1070 1404 1101 1469 si

137 1490 172 1553 in
194 1491 365 1572 pecuniam
388 1490 520 1555 redacta
544 1490 715 1577 constabit.
757 1488 919 1574 Superest,
942 1494 980 1555 ut
1001 1491 1099 1576 depo·

137 1578 261 1642 nendae
293 1578 447 1661 pecuniae
474 1578 645 1643 habuerim
674 1600 815 1644 causam.
865 1577 965 1643 fuisse
989 1601 1040 1644 me
1064 1581 1100 1644 in

137 1671 227 1730 metu
250 1666 399 1731 fortunae
420 1666 525 1750 huius,
549 1688 646 1750 quam
664 1667 782 1751 patior,
806 1665 1015 1732 manifestum
1034 1672 1100 1753 est;

85 1770 117 1818 15
136 1754 220 1817 nihil
245 1755 352 1819 minus
375 1754 474 1820 fuisse
497 1755 651 1834 rationis,
675 1776 772 1840 quam
795 1759 832 1819 ut
855 1776 981 1820 mecum
1003 1778 1099 1839 pecu·

136 1842 227 1907 niam
250 1842 378 1927 ferrem,
400 1843 523 1928 liquere
547 1843 696 1910 omnibus
720 1843 822 1908 credo.
850 1865 909 1908 nec
927 1844 1008 1909 illud
1026 1847 1098 1909 tan·

135 1931 303 1997 tummodo
327 1931 408 2017 dico,
430 1953 471 1997 ne
493 1934 739 2016 persequeretur
761 1935 937 2016 tyrannus:
959 1954 1000 1997 ne
1024 1933 1099 2017 quis

136 2020 262 2086 itineris
291 2042 384 2089 casus
412 2020 568 2100 auferret,
603 2043 644 2087 ne
671 2020 852 2106 fugientem
879 2043 960 2087 onus
987 2021 1098 2106 ipsum

135 2113 295 2192 gravaret.
341 2110 479 2194 potastis
503 2109 627 2195 aliquid
650 2110 750 2179 etiam
773 2132 813 2176 ex
834 2110 906 2195 ipso
930 2108 1028 2196 fugae
1046 2131 1098 2175 co-

82 2211 115 2260 ro
134 2199 252 2264 mitetu
282 2200 448 2284 colligere:
480 2221 521 2267 ue
549 2221 660 2269 servos
683 2199 812 2284 quidem
834 2198 975 2282 amplius
996 2200 1096 2283 'quam

134 2286 214 2353 duos
234 2287 321 2352 duxi.
353 2287 535 2371 deponendi
556 2287 620 2352 fuit
641 2288 735 2357 ratio.
765 2287 953 2355 Proximum
977 2289 1036 2368 est,
1059 2289 1097 2351 ut

133 2394 341 2457 quaeramus,
364 2375 450 2458 apud
475 2395 571 2459 quem
589 2374 812 2458 deponendum
829 2371 982 2456 fu<ar>it.
1009 2374 1095 2455 apud

133 2461 275 2545 aliquem
289 2462 479 2531 incivitate.
503 2462 560 2544 <in
578 2461 732 2545 civitate>
747 2462 820 2545 quis
839 2459 972 2529 amicior
990 2460 1096 2526 mihi?

132 2548 167 2612 in
190 2570 253 2633 quo
276 2550 350 2632 plus
373 2570 445 2616 esse
468 2549 544 2617 fidei
567 2549 773 2619 existimavi?
804 2549 868 2616 hoc
890 2548 1095 2634 probandum

78 2653 112 2703 25
133 2637 254 2705 diutius
282 2637 381 2722 forat,
411 2636 476 2707 nisi
504 2637 643 2705 souma:
675 2637 825 2707 constitit
856 2637 942 2705 inter
973 2659 1096 2705 omnes.

132 2726 219 2793 dicat
241 2727 304 2795 iste
328 2749 424 2811 quam
446 2728 550 2797 multa
572 2727 661 2795 volet
684 2726 837 2795 adversus
860 2725 991 2812 famam,
1017 2727 1094 2792 dum

131 2819 241 2881 tamen
266 2819 391 2881 constet
410 2815 457 2880 nil
477 2815 564 2880 aliud
583 2837 652 2881 esse
670 2815 780 2899 istam,
803 2837 900 2900 quam
915 2816 1093 2900 <con>sen-

133 2927 205 2972 sum
237 2904 386 2971 civitatis.
432 2905 461 2970 si
488 2905 532 2977 ab
561 2904 721 2971 universis
744 2907 856 2971 tamen
879 2905 921 2970 ad
944 2905 1092 2989 singulos

132 3016 293 3079 vocamur,
317 2998 349 3059 et
369 2998 547 3078 tyrannum
569 2997 686 3059 testem
710 2992 803 3058 dabo.
844 2994 938 3060 illum
963 2993 1093 3081 quidem

83 3227 86 3231 -
204 3196 218 3244 1
244 3187 404 3250 dixitne
422 3188 432 3256 l
450 3192 466 3243 6
485 3183 645 3267 ³⁸<m0>l8
664 3183 699 3241 ad
717 3184 769 3241 hoa
788 3200 858 3242 serv.
877 3188 926 3252 Δι,
945 3184 1050 3240 advos
1070 3201 1091 3240 r.

130 3266 192 3316 Rea
210 3264 219 3331 l
240 3267 272 3316 11
292 3260 427 3317 domur?
449 3260 458 3328 l
481 3255 615 3326 menapii
632 3256 723 3327 aum
741 3253 850 3311 redicta
868 3258 908 3311 Aa
921 3257 931 3324 l
944 3255 1093 3312 mactabat

131 3340 166 3387 oa
179 3336 188 3415 l]
204 3339 236 3388 1‘1
260 3332 322 3401 quit
339 3335 363 3384 A
380 3331 389 3400 ll
407 3335 440 3387 22
458 3325 684 3410 fu<er>ituiobul
697 3331 731 3410 33
745 3323 800 3450 §in
820 3324 956 3392 civitate>
975 3324 1020 3380 Ro
1032 3327 1043 3395 l
1055 3331 1090 3384 Ἡ

130 3403 263 3467 nihilne
284 3407 293 3474 ll
313 3400 534 3475 *<con>eensum
553 3399 587 3466 cf.
609 3397 726 3469 Qurntrl.
766 3401 817 3452 nrt.
836 3412 875 3476 or.
897 3394 931 3462 V,
949 3399 967 3449 3
984 3395 1092 3455 famam

132 3478 218 3546 atque
237 3489 361 3529 rumores
380 3489 444 3542 pars
462 3472 552 3527 altere
571 3484 736 3524 consensum
754 3466 878 3525 civitatis
896 3467 981 3521 vocat
