2392 3862
160 208 205 275 28
530 204 760 272 conuicium

163 392 265 456 aequo
288 371 450 454 fecerunt,
473 369 528 453 qui
550 369 754 435 tradentibus
776 368 981 453 perentibus:
1005 370 1050 437 ad
1074 394 1133 440 eos

161 483 253 545 vero,
277 460 317 525 ad
341 480 422 543 quos
445 457 623 525 necessitas
646 458 789 542 pertinet
811 458 1015 545 nuptiarum,
1042 460 1132 529 nihil

161 552 228 616 ista
254 548 315 614 lex.
359 569 427 613 non
453 547 560 632 magis
589 547 676 612 enim
703 546 872 630 repudiare
901 547 994 635 lieet,
1029 570 1132 635 quam

162 660 230 703 non
261 635 382 704 nubere
417 636 538 703 liceret
584 635 665 701 dues
698 636 784 701 enim
815 656 937 721 poenas
970 637 1131 707 adversm

127 731 310 811 creptores
342 725 553 793 constituisse
585 725 639 789 lex
666 725 806 810 videtur,
838 725 978 791 alteram
999 728 1132 814 mortis,

163 816 303 882 alteram
320 814 525 900 nuptiarum:
548 814 703 879 leviorem
722 813 807 880 hanc
826 817 859 879 et
877 814 1036 881 beneficio
1053 837 1131 902 pro·

162 905 301 990 piorem,
342 908 455 969 tamen
490 907 520 967 et
560 902 662 984 ipsam
702 924 770 967 non
810 902 880 968 sine
921 903 1132 972 necessitate

162 994 248 1078 quod
271 993 300 1058 si
323 994 396 1076 lege
419 1013 487 1057 non
512 990 704 1075 defenderis,
726 989 874 1076 profecto
897 991 1059 1059 iniustum
1083 994 1132 1059 di·

162 1082 305 1147 vortium
330 1084 388 1146 est.

111 1185 144 1233 1o
232 1168 296 1234 Sed
318 1169 496 1254 fingamus,
519 1170 552 1232 te
575 1167 647 1254 lege
669 1167 810 1234 defendi:
833 1167 961 1253 relique
983 1168 1068 1235 haec
1088 1172 1134 1236 sit

164 1259 325 1344 quaestio,
354 1279 396 1323 an
423 1256 531 1322 fecere
559 1256 718 1322 debueris.
763 1257 958 1322 beneficium
980 1259 1016 1323 te
1040 1280 1133 1327 acoe-

115 1402 119 1407 .
162 1348 249 1432 pisse
281 1368 444 1412 summum
478 1345 688 1411 manifestum
720 1348 782 1411 est:
817 1345 922 1411 vitem
948 1346 1013 1412 tibi
1041 1347 1135 1415 dedit

162 1437 266 1520 laese,
307 1435 396 1501 dedit
432 1433 536 1500 vitam
572 1434 719 1519 perituro
754 1456 814 1520 per
850 1434 1033 1522 supplicia,
1074 1459 1135 1523 per

165 1524 312 1588 dedecus.
369 1540 432 1607 pro·
461 1522 514 1588 his
549 1522 635 1587 nihil
668 1544 737 1589 non
768 1524 930 1607 praestari
962 1528 1135 1607 oporteret

111 1626 144 1676 15
165 1612 269 1680 uxori.
297 1611 373 1696 quid
397 1610 485 1677 eliud
509 1611 626 1696 exegit,
650 1633 747 1696 quem
770 1615 807 1696 ut
824 1632 908 1677 uxor
924 1614 1036 1679 esset?
1065 1616 1136 1700 „At

166 1701 253 1766 enim
285 1721 352 1766 non
375 1700 535 1784 {pariebat
560 1702 649 1766 intra
675 1700 957 1787 quinquennium.“
1002 1698 1040 1767 Si
1068 1704 1136 1771 tibi

168 1811 239 1856 eam
262 1793 415 1876 parentes
444 1790 680 1873 conlocassent,
708 1792 766 1855 eut
787 1790 860 1874 ipsa
881 1789 1027 1856 nubendi
1048 1795 1136 1859 tem·

164 1900 225 1964 pus
245 1876 581 1963 elegisset'dicerem:
600 1899 689 1943 >non
708 1900 835 1963 semper
852 1877 1036 1945 fecunditas
1055 1902 1136 1966 pro·

163 1972 274 2054 perat,
312 1965 486 2051 aliquando
527 1966 629 2031 dilata
664 1967 766 2033 veluti
802 1967 966 2052 pleniores
1002 1967 1136 2039 fi'uotus

110 2071 145 2120 eo
164 2056 297 2122 reddit<
341 2055 432 2121 Haeo
459 2077 535 2121 vero
565 2058 598 2120 et
620 2058 716 2141 repta
738 2059 801 2141 est,
832 2059 1008 2142 antequam
1031 2057 1136 2126 desti·

163 2150 311 2231 notetur,
335 2149 508 2230 antequem
532 2144 650 2213 idonea
672 2145 796 2229 nuptiis
820 2144 991 2229 videretur,
1014 2149 1050 2213 et
1072 2146 1135 2217 ha·

162 2235 235 2299 buit
257 2235 412 2301 meritum
429 2235 465 2299 in
483 2254 611 2298 amores
630 2233 851 2319 praecipitem,
873 2235 908 2299 in
931 2232 1134 2320 cupiditates

163 2343 318 2407 pronum3
341 2326 375 2387 et
398 2342 472 2387 cum
489 2320 596 2388 invisa
613 2322 715 2387 tuerit
733 2323 862 2407 marito,
885 2325 994 2409 potest
1016 2323 1135 2413 rideri,

165 2409 251 2493 quod
274 2431 340 2475 non
362 2409 498 2494 peperit,
519 2409 691 2495 pudicitia,
713 2433 780 2476 non
804 2411 978 2477 sterilitato
1001 2410 1134 2483 fecisse

111 2514 146 2564 25
164 2496 216 2564 Tu
229 2519 326 2583 porro
342 2497 499 2583 quidquid
512 2498 598 2583 licet,
612 2499 726 2565 statim
739 2503 836 2584 putas
849 2499 1134 2591 essefaciendum3

161 2587 323 2671 'quidquid
341 2586 556 2671 asperrimum
573 2587 674 2673 leges,
693 2587 848 2674 quidquid
867 2588 1133 2659 crudelissimum

163 2675 288 2742 habent
323 2676 408 2760 iure,
445 2698 593 2761 occupes.
648 2676 808 2743 voluisses
846 2677 990 2743 animum
1026 2678 1134 2747 talem

163 2765 265 2831 fuisso
287 2764 416 2850 puellae
438 2765 497 2831 illo
520 2768 677 2851 tempore,
702 2788 767 2850 quo
791 2764 832 2831 ed
852 2787 957 2851 penus
975 2766 1133 2837 iacchus?

164 2851 255 2918 Haeo
282 2875 359 2919 vero
386 2874 454 2919 non
475 2856 606 2939 tanturn
629 2855 765 2939 merito,
793 2854 850 2920 sed
879 2855 978 2921 etiem
1000 2855 1051 2921 rei
1073 2880 1133 2943 pu·

112 2958 146 3008 30
165 2942 270 3008 blioae
288 2942 421 3008 reddere
434 2944 565 3028 plenem
578 2946 690 3027 potest
702 2944 874 3009 rationem.
901 2965 979 3009 nem
997 2944 1134 3013 etiamsi

163 3053 232 3097 non
249 3030 350 3097 hebet
367 3031 480 3118 filium,
502 3032 684 3099 asservavit
703 3035 814 3098 tamen
832 3031 992 3118 iuvenem,
1014 3034 1134 3103 tamen

162 3119 339 3205 hominem,
361 3123 474 3187 tamen
496 3120 607 3188 civem.

238 3283 252 3331 7
271 3276 437 3333 *ettamen
455 3275 508 3330 illa
525 3279 557 3344 A,
575 3293 599 3332 e.
617 3278 638 3334 t.
656 3276 777 3359 illa(m>
797 3279 836 3333 Pi
853 3279 863 3348 ll
881 3285 897 3334 8
915 3277 1010 3360 legem
1027 3281 1052 3332 A
1070 3282 1081 3352 fl
1099 3286 1134 3338 10

165 3349 220 3403 hoo
237 3351 261 3400 A
283 3350 293 3418 ss
314 3348 385 3404 *erit
403 3365 449 3416 qu.
469 3346 508 3416 (?)
531 3349 540 3418 ll
563 3352 596 3402 18
616 3347 744 3431 eligisset
760 3353 784 3402 A
797 3350 807 3419 ΙΙ
829 3349 1077 3434 20deqt1neretur
1096 3354 1136 3405 ÷

35 3472 37 3477 .
164 3420 327 3546 (νῖνὶῗεὴὲαιί
342 3421 352 3490 ΙΙ
374 3424 409 3475 27
427 3418 515 3473 habet
531 3422 555 3472 A
571 3420 582 3488 ΙΙ
599 3425 635 3475 28
653 3435 737 3475 1enua
754 3423 785 3490 A,
805 3436 873 3477 corr.
895 3420 933 3475 Pe
946 3421 955 3491 l
969 3425 1004 3476 31
1022 3422 1056 3476 at
1074 3438 1136 3481 ser
