2370 3862
146 223 209 288 106
307 291 311 295 ,
508 221 740 289 eumanum

143 386 202 451 illa
232 386 409 469 aequitate,
440 388 478 449 ut
500 385 617 469 dicam,
650 405 746 469 quom
773 385 894 449 iustum
924 384 980 462 sit,
1018 405 1090 449 eum
1096 435 1106 469 ,

144 476 199 559 qui
227 473 376 539 intulerit
402 474 567 558 iniuriam,
595 473 747 557 interfici,
774 495 847 538 cum
874 472 1008 557 perierit
1039 474 1105 556 illa,

145 584 226 646 quae
250 564 386 647 accepit:
410 563 448 628 de
471 563 539 627 iure
562 563 635 645 ipso
658 563 782 646 loquor.
805 562 878 646 lege
897 560 1105 644 comprehen-

145 673 216 716 sum
240 654 302 733 est,
334 655 371 716 ut
401 655 515 735 rapta
545 650 721 736 raptoris
745 655 906 715 mortem
929 649 988 714 vel
1011 671 1106 733 nup-

110 758 127 808 s
146 739 225 804 tias
249 743 366 823 optet.
398 743 435 804 ut
457 739 581 824 opinor,
604 760 670 803 una
692 760 790 803 causa
812 738 894 823 legis
916 738 1014 803 huius
1036 737 1108 820 fuit,

146 831 183 892 ut
210 829 248 892 de
277 831 408 912 raptore
432 828 606 893 secundum
628 827 829 892 voluntatem
852 829 965 910 raptae
988 827 1107 892 consti·

146 920 301 982 tueretur.
320 916 440 1001 alioqui
450 917 554 980 multa
568 915 712 981 accidere
720 919 866 999 possunt,
880 917 1014 999 propter
1025 936 1107 998 quae

145 1008 242 1088 rapta
265 1026 330 1069 non
353 1008 453 1088 optet.
480 1005 643 1089 fingamus
661 1005 812 1068 vitiatam
832 1024 902 1068 esse
922 1024 1002 1085 eam,
1026 1024 1107 1087 quae

81 1104 84 1109 ’
146 1093 236 1177 loqui
265 1113 332 1157 non
364 1093 482 1176 possit:
526 1114 604 1159 num
637 1093 769 1176 impune
800 1091 951 1156 iniuriam
984 1091 1107 1172 fecerit,

94 1202 127 1250 10
148 1181 302 1265 quoniam
321 1181 458 1246 miserae
480 1181 580 1246 fecit?
610 1183 726 1245 nutum
748 1202 865 1264 nempe
883 1180 951 1244 eius
968 1182 1025 1244 aut
1038 1180 1106 1243 vul-

145 1271 215 1333 tum
249 1273 306 1334 aut
338 1269 468 1354 aliquod
496 1269 625 1354 signum
653 1270 753 1334 animi
785 1268 905 1334 intueri
934 1271 1108 1352 oporteret.

147 1361 182 1423 at
205 1357 237 1423 id
260 1379 327 1422 non
349 1360 400 1422 est
419 1358 519 1442 optio,
541 1378 600 1423 nec
619 1357 699 1422 satis
713 1357 814 1423 verba
832 1357 914 1441 legis
934 1355 1108 1441 explebun-

145 1449 212 1510 tur:
241 1446 441 1511 occideretur
468 1449 578 1511 tamen
605 1448 731 1531 raptor,
763 1445 791 1509 si
818 1445 853 1509 id
875 1445 956 1510 velle
979 1447 1109 1527 raptam

146 1533 420 1618 intellegeremus.
465 1534 626 1620 fingamus
654 1534 873 1599 valetudinem
901 1536 1108 1600 consecutam

95 1640 128 1691 15
147 1625 274 1704 raptae,
296 1625 334 1686 ut
356 1622 447 1687 educi
470 1623 511 1687 ad
534 1623 744 1709 magistratus
768 1642 834 1687 non
855 1625 979 1706 posset:
1005 1621 1108 1685 deerit

148 1709 270 1794 aliquid
302 1711 381 1794 legi3
420 1710 576 1776 vindicari
616 1715 726 1776 tamen
762 1731 833 1775 eam
872 1712 965 1775 tanto
1002 1709 1107 1794 magis

147 1797 654 1953 trituraretur
668 1798 1110 1972 {circuierunt

147 1997 185 2040 ex
207 1975 258 2041 his
282 1976 492 2042 manifestum
514 1976 578 2062 est)
608 1998 720 2041 vocem
751 1979 865 2062 raptae
899 1975 986 2060 exigi
1015 1995 1110 2059 opor-

93 2084 129 2132 20
148 2067 205 2149 tet,
229 2064 284 2130 sed
308 2065 413 2131 solam
435 2065 653 2130 voluntatem:
674 2065 840 2130 rideamus
863 2065 938 2149 iarn,
961 2085 1003 2128 an
1025 2084 1109 2147 quae

147 2156 243 2237 rapta
271 2157 333 2238 est,
361 2153 445 2219 mori
471 2157 635 2238 raptorem
662 2153 811 2219 voluerit.
866 2153 982 2237 plusne
1014 2152 1109 2217 vobis

147 2242 319 2325 videretur,
340 2242 471 2325 iudices,
489 2243 518 2306 si
533 2242 621 2327 apud
635 2243 864 2326 magistratum
884 2242 994 2306 locuta
1013 2245 1109 2323 esset,

148 2351 246 2413 quam
274 2329 359 2413 quod
387 2329 428 2394 ad
454 2330 684 2414 magistratum
710 2330 821 2414 venire
843 2351 909 2395 non
932 2351 1011 2394 ausa
1035 2328 1108 2394 est?

149 2417 233 2499 quod
258 2416 369 2482 oculos
393 2439 470 2483 suos
494 2418 663 2482 ostendere
687 2418 977 2499 circumstantibus,
1001 2421 1109 2482 osten-

95 2522 130 2572 so
150 2504 224 2570 dere
248 2505 314 2569 luci
335 2526 401 2570 non
424 2506 607 2590 potu[er]it,
629 2505 703 2590 ipsa
725 2528 783 2572 sua
805 2512 903 2572 mann
925 2507 1026 2570 vitam
1050 2507 1109 2570 mi·

151 2612 222 2657 sera
244 2592 374 2675 finivit?
402 2593 443 2659 da
465 2594 564 2658 vires:
588 2595 713 2659 occidet
736 2595 838 2679 prius,
866 2617 949 2680 quae
973 2598 1109 2678 propter

146 2679 231 2747 hanc
253 2680 406 2747 iniuriam
428 2682 522 2766 perit.
554 2682 688 2748 dubium
711 2687 762 2749 est
785 2684 917 2767 scilicet,
941 2683 1018 2767 quid
1041 2683 1108 2747 fac·
1131 2723 1137 2735 ,

220 2861 234 2908 1
254 2855 350 2924 *quod
368 2860 439 2909 Asc
452 2859 492 2927 l3
511 2856 546 2912 de
565 2857 812 2926 cm.1’114veln.
832 2872 856 2912 o.
876 2874 903 2910 ιι.
923 2872 947 2910 ο.
966 2873 993 2910 u.
1008 2872 1031 2910 c.
1046 2856 1066 2911 l.
1080 2857 1108 2911 h.

147 2925 167 2979 f.
186 2944 212 2981 ιι.
233 2925 260 2980 d.
278 2944 299 2979 r.
320 2944 341 2981 s.
360 2945 386 2982 v.
405 2931 504 2997 raptae
522 2944 573 2983 cru.
592 2932 633 2981 Aa
659 2929 668 2997 1
696 2933 712 2983 7
731 2927 863 2983 accedere
881 2932 904 2980 A
926 2930 936 2997 11
963 2933 979 2982 8
997 2929 1110 3009 rapt-am

148 2997 196 3067 31
217 2996 328 3053 obortet
344 3001 398 3065 Aa,
417 3000 529 3067 oportet
546 3003 590 3053 Bo
608 3000 618 3068 l
637 3005 670 3053 10
689 2999 819 3053 miseram
838 2997 933 3053 effecit
950 3002 983 3066 B,
1007 3013 1110 3052 misera

139 3068 192 3124 eff.
212 3068 301 3137 01111
320 3069 432 3137 oportet
450 3073 470 3122 B
493 3071 503 3140 11
527 3076 560 3125 13
578 3068 700 3140 raptoris
718 3069 757 3124 nd
773 3069 848 3125 velle
866 3073 903 3135 A,
921 3072 1019 3138 raptor
1037 3067 1061 3121 si
1079 3067 1109 3122 id

148 3138 198 3196 ille
215 3137 291 3196 velle
309 3143 329 3192 B
343 3139 353 3209 11
367 3146 402 3194 14
418 3141 580 3196 valetunem
598 3145 621 3193 A
634 3143 644 3212 1
658 3146 692 3195 15
710 3143 839 3210 receptae
853 3144 897 3193 Bc
911 3143 920 3210 11
933 3147 966 3195 ut
980 3156 1014 3194 ea
1028 3139 1110 3194 educi

148 3214 184 3279 A,
207 3212 240 3265 nt
257 3212 287 3266 te
306 3226 340 3265 ea
358 3208 424 3266 <luci
441 3214 476 3280 B,
499 3215 531 3267 ut
549 3212 650 3267 deduci
668 3217 686 3264 c
706 3213 715 3281 11
738 3217 770 3266 16
789 3210 878 3278 aliqui
896 3215 919 3263 A
937 3214 946 3281 11
967 3227 1001 3265 ea
1018 3212 1109 3281 Ρ1117

148 3281 297 3354 oporta<bi
317 3283 330 3335 t
348 3280 392 3337 Rc
418 3283 428 3351 11
457 3287 489 3338 19
509 3285 650 3353 oporteret
672 3286 718 3335 Ac
745 3284 754 3351 11
782 3288 816 3336 20
839 3282 895 3336 vid.
914 3284 1011 3336 tamen
1029 3285 1109 3351 Allo,

148 3367 217 3406 corr.
235 3352 281 3408 Ro
317 3359 351 3407 23
371 3354 446 3421 qnod
459 3360 524 3423 post
542 3370 626 3422 quam
646 3369 696 3408 cm.
712 3357 733 3405 B
747 3353 757 3422 1
770 3352 832 3407 lusa
849 3357 898 3421 Aa,
917 3370 1001 3408 cansa
1018 3353 1061 3421 Pl
1076 3355 1110 3407 25

148 3421 336 3494 *potu[cr]itll
354 3423 484 3479 miseram
503 3430 524 3477 Ρ
542 3426 551 3493 11
570 3430 604 3478 26
623 3423 745 3494 puniunt
762 3428 836 3492 Ass,
855 3425 966 3494 punivit
984 3428 1058 3490 Ab03
1078 3424 1111 3478 fi-

148 3491 232 3547 nierit
250 3493 304 3548 Sele
316 3494 325 3561 ΙΙ
340 3493 443 3548 occidit
460 3499 504 3547 Bc
519 3494 576 3563 1127
594 3495 680 3564 petiit
697 3495 828 3565 Reliqui
846 3499 869 3547 A
