2392 3862
117 223 158 286 46
481 220 710 288 QUINTILIANI

116 407 186 450 esse
216 385 406 469 transfugas
430 383 594 468 (dicunt),
616 383 678 449 hoe
701 382 825 468 dieunt,
852 383 887 448 in
911 385 1111 469 superior,

116 495 186 538 esse
214 474 287 538 loco
318 476 463 538 nostram
495 472 670 537 civitatem.
721 492 826 556 neque
854 472 941 537 enim
968 495 1097 546 emoto

115 561 232 646 nostri,
256 561 311 626 sed
334 565 423 626 metu
445 560 648 626 imminentis
671 560 822 626 fortunae
845 560 1082 647 transfugiunt.

116 648 169 712 An
193 648 322 714 facilius
345 650 549 734 deposituros
571 649 775 732 propositum
797 648 942 715 bellandi
964 650 1081 717 hostes

80 743 277 822 eputamus,
300 738 329 803 si
350 739 461 822 plures
484 737 744 822 transfugerint‘?
766 737 908 802 minime.
932 760 1011 804 nem
1033 738 1080 825 hi,

116 827 171 911 qui
199 827 323 892 bellum
351 847 463 912 gerere
492 829 606 891 contre
632 847 693 891 nos
719 847 785 892 non
813 826 947 912 cudent,
980 827 1009 892 si
1031 828 1081 894 lo·

115 936 186 980 cum
219 917 254 980 in
286 915 420 980 civitate
449 918 564 980 nostre
590 936 656 979 non
683 914 871 999 habuerint,
903 937 1004 1002 saepe
1027 915 1080 982 de·

114 1005 256 1087 ponendi
274 1004 355 1069 belli
374 1006 523 1069 auctores
542 1007 650 1069 erunt:
672 1004 811 1068 nuncin
830 1003 995 1088 privatum
1014 1004 1080 1071 sihi

116 1093 238 1176 singuli
270 1093 452 1158 consulunt.
508 1095 559 1156 est
591 1112 746 1177 magnum
777 1091 811 1156 in
843 1091 982 1177 singulis
1009 1114 1079 1160 mo·

62 1197 95 1246 10
114 1184 272 1266 mentum3
296 1202 333 1246 ac
355 1180 383 1245 si
400 1180 571 1265 preeclusc
587 1179 668 1245 haec
686 1180 786 1246 fuerit
803 1202 885 1266 spes,
908 1181 996 1265 quod
1014 1182 1080 1247 sin·

114 1269 184 1354 guli
207 1269 340 1354 faciunt,
362 1269 505 1334 universi
529 1269 717 1334 suadebunt.

179 1357 270 1423 Haec
294 1357 445 1442 dicerem,
473 1357 603 1422 etiamsi
629 1356 712 1422 nihil
739 1378 778 1421 ex
801 1357 873 1422 istis
897 1359 1005 1422 metus
1028 1379 1079 1424 es-

114 1451 177 1510 set:
207 1466 294 1510 nunc
315 1467 393 1511 vero
415 1467 481 1511 non
504 1467 637 1530 possum
660 1467 726 1510 non
749 1445 895 1511 confiteri
918 1444 1079 1512 sollieitu-

114 1533 222 1598 dinem
240 1554 360 1598 meam:
378 1535 527 1617 quotiens
547 1535 657 1600 oeulos
677 1534 859 1600 circumtuli
878 1536 911 1599 et
924 1534 1077 1620 singulos

62 1639 94 1688 15
115 1625 297 1687 castrorum
324 1623 442 1687 metior
468 1627 592 1707 partes,
618 1643 686 1688 non
715 1623 811 1688 ahter
835 1644 932 1707 quam
956 1623 985 1687 si
1008 1623 1093 1688 vel·-

113 1710 187 1779 lum
205 1709 309 1776 hostis
332 1710 502 1796 invaserit,
531 1711 653 1776 alienos
680 1711 827 1795 habitus,
854 1711 962 1776 aliene
985 1733 1080 1779 armo

112 1798 219 1882 video;
243 1792 416 1864 versentur
438 1799 524 1864 inter
543 1799 657 1865 domos
675 1804 814 1882 nostres,
836 1799 923 1864 inter
941 1800 1079 1887 temple,

112 1888 197 1953 inter
220 1909 340 1970 muros,
369 1887 405 1951 in
428 1887 544 1952 mediis
567 1888 615 1953 rei
636 1888 785 1972 publicae
808 1888 996 1954 visceribus.
1033 1910 1079 1954 en

112 1977 233 2060 aliquid
263 1976 341 2041 meli
364 1976 468 2041 velint
491 1975 610 2059 fecere,
636 1979 752 2059 postea
774 1977 899 2060 vider03
926 1977 1079 2044 interim:

58 2081 92 2131 20
111 2069 257 2148 possunt.
289 2086 350 2151 ego
373 2065 461 2130 istud
485 2064 640 2146 †oredidi
660 2065 775 2150 scelus,
797 2086 871 2130 cum
895 2065 1078 2150 esingulis

110 2176 183 2237 spes
207 2158 272 2239 est,
300 2175 372 2220 cum
403 2155 557 2239 optusis
581 2174 655 2238 spes
680 2156 742 2218 est:
775 2175 848 2219 cum
872 2176 892 2218 a
913 2154 1077 2241 plurimis,

109 2243 175 2307 iam
198 2243 392 2319 consensi.†
415 2240 545 2307 Novum
567 2241 700 2306 hercule
723 2262 825 2327 genus
845 2242 939 2306 artis:
962 2263 1077 2327 super·

109 2352 245 2394 vacuum
269 2335 319 2395 est
337 2330 503 2395 culliculos
526 2329 636 2394 fodere
660 2333 693 2394 et
715 2351 773 2414 per
796 2331 941 2396 occultos
956 2352 1077 2416 specus

110 2419 236 2501 ingenti
263 2418 376 2482 lebore
409 2417 575 2482 exhaustis
606 2419 702 2483 terris
730 2419 766 2482 in
793 2418 933 2491 medium
963 2418 1076 2487 subito

57 2522 90 2572 25
112 2527 277 2590 emergere
300 2505 482 2570 civitatem:
506 2527 739 2590 supervacuum
758 2512 809 2572 est
824 2507 984 2573 redimere
998 2529 1076 2593 pro-

110 2594 249 2659 ditorem
273 2598 305 2658 et
329 2593 432 2659 scelus
455 2594 591 2678 pecunie
613 2596 744 2680 pacisci.
780 2595 927 2661 videntes
951 2595 1076 2682 palem,

109 2683 210 2747 immo
221 2683 399 2768 gaudentes
411 2683 508 2747 etiam
518 2685 794 2768 accepimusintru
803 2683 1075 2751 vicerahostem.

109 2793 167 2836 vos
184 2770 409 2855 aestimabitis,
424 2794 467 2836 en
481 2776 667 2858 suspectum
682 2772 826 2838 debeatis
840 2773 972 2858 hebere,
986 2772 1075 2859 quod

110 2859 151 2922 ad
187 2864 315 2925 tentum
337 2882 521 2926 numerum
560 2882 618 2945 per
662 2861 807 2946 singulos
843 2864 1074 2947 pervenerunt:

56 2965 90 3013 30
109 2970 204 3014 nemo
224 2949 301 3015 illos
319 2950 502 3034 recepisset,
521 2949 549 3014 si
562 2949 708 3015 universi
721 2950 893 3015 venissent.
916 2971 1074 3018 omnesne

106 3205 108 3209 Ι
180 3140 353 3214 1<dicunt>
372 3141 452 3210 Acrll
471 3147 487 3195 3
505 3140 593 3196 nostri
610 3158 660 3197 om.
679 3143 755 3210 ΒΙΙ4
773 3141 809 3196 ed
828 3142 881 3199 fec.
901 3143 1074 3213 ΔΒΙΙθίιι-

106 3213 151 3266 tre
169 3214 282 3282 noenu
301 3218 335 3267 10
356 3210 380 3265 si
397 3211 468 3266 fuer.
487 3212 590 3281 preecl.
610 3211 638 3266 h.
658 3229 698 3282 sp.
717 3217 738 3265 B
760 3217 770 3282 ΙΙ
794 3219 826 3268 17
846 3217 956 3269 nostros
975 3216 1074 3286 Anto

107 3288 176 3336 -22
196 3283 250 3338 Sele
262 3288 446 3353 proposcerat
464 3299 530 3353 ergo
548 3283 593 3338 ist.
612 3281 710 3355 (non)
730 3283 835 3339 credidi
854 3302 906 3351 sc.;
925 3301 978 3356 ego
993 3286 1075 3342 istud

106 3352 204 3425 (non)
222 3370 260 3407 cr.
280 3371 330 3421 sc,
355 3370 417 3408 cum
437 3370 454 3408 a
473 3353 589 3424 singulis
608 3354 730 3424 suspicio
749 3356 833 3422 esset,
853 3372 876 3413 c.
896 3373 913 3411 c
932 3374 959 3426 p.
980 3357 1075 3427 euspi-

107 3424 150 3477 cio
171 3425 257 3478 esset:
284 3441 348 3479 cum
367 3441 384 3479 c
402 3424 452 3494 pl,
479 3423 498 3481 i.
528 3425 656 3480 consensi
684 3424 728 3481 Rc
750 3427 760 3495 ΙΙ
782 3430 816 3480 28
845 3425 1002 3482 aestimetis
1021 3430 1042 3480 Β
1062 3429 1075 3503 η

106 3498 267 3564 susceptum
285 3500 305 3547 Β
