2392 3862
160 211 204 278 20
525 208 754 276 commune

477 371 811 440 DECLAMATIO.

227 479 390 546 Adulteni
412 501 501 544 reem
525 479 644 544 defero.

227 569 322 653 Puto,
344 568 406 634 hoc
424 568 556 635 auribus
574 569 693 633 vestris
707 590 774 634 non
787 589 908 634 novum
922 567 1048 633 crimen
1063 574 1129 636 est:

161 658 248 744 quod
262 658 343 722 setis
358 661 415 742 est,
428 679 496 723 non
511 659 552 722 ab
565 657 628 722 hec
638 658 739 741 coepi.
763 656 901 734 Qualem
910 676 1046 722 euusem
1055 680 1128 743 per·

126 762 142 813 ὅ
161 747 302 832 tulerim,
314 746 359 812 sie
369 747 542 812 aestimare
556 746 707 829 potestis:
721 745 844 829 petitur
857 745 962 810 altere
972 746 1128 813 abolitio:

160 837 216 901 ille
235 836 370 920 optauit,
392 835 473 900 haec
495 834 701 919 praeseribit,
723 837 838 899 neuter
860 837 971 918 neget.
1004 833 1128 902 Postea

160 925 283 1008 videbo,
307 947 349 990 en
371 924 428 989 isti
447 926 599 1008 oporteat
621 924 750 987 tentum
771 923 942 1009 praestari,
966 927 1127 1013 quantum

160 1014 230 1080 viro
245 1013 333 1078 lorti
357 1013 489 1078 interim
504 1014 629 1078 semote
642 1033 858 1096 personarum
870 1011 999 1077 retione
1018 1013 1127 1099 ipsein

162 1105 310 1167 excutere
323 1101 431 1185 legem
444 1101 529 1166 volo.
551 1100 584 1167 N
589 1122 606 1165 e
621 1100 757 1184 liceat,
774 1100 891 1185 inquit,
909 1122 994 1166 eum
1014 1102 1127 1169 edul-

111 1208 143 1257 10
162 1194 247 1256 tere
270 1211 385 1275 egere
412 1190 568 1274 marito,
595 1189 672 1255 nisi
699 1190 808 1274 prius
834 1210 917 1255 eum
946 1189 1126 1257 adultero

162 1279 298 1364 egerit.
320 1278 453 1363 Differo,
472 1279 531 1343 illa
550 1299 633 1363 quae
653 1276 743 1364 fecit3
767 1276 888 1361 differo,
907 1299 991 1361 quee
1007 1300 1128 1365 passus

162 1391 246 1434 sum:
260 1367 372 1433 hocin
386 1367 571 1452 praesentia
584 1366 666 1451 dico,
678 1388 746 1433 non
760 1366 872 1451 ntique
887 1387 1015 1452 semper
1030 1370 1128 1455 exigi,

161 1460 199 1521 ut
224 1457 316 1539 prius
345 1461 463 1540 egetur
491 1478 564 1521 cum
591 1455 748 1521 adultero.
794 1454 828 1519 id
856 1455 963 1539 vobis,
992 1456 1127 1543 indices,

161 1544 318 1609 facillime
346 1544 529 1628 persuaderi
555 1543 691 1629 poterit,
723 1545 753 1609 si
784 1565 852 1610 non
878 1547 948 1609 tem
976 1544 1130 1631 iniustos,

111 1650 266 1718 ltneque
293 1635 362 1696 tem
387 1632 599 1717 inprudentes
628 1632 823 1699 existimetis
856 1632 969 1718 legum
1001 1633 1128 1702 luteres

161 1721 272 1805 inisse,
294 1724 332 1786 ut
349 1723 544 1788 necessitate
562 1722 841 1807 praestringerent
859 1742 907 1806 ea,
930 1742 1013 1806 queo
1031 1744 1128 1809 pree-

164 1810 245 1875 steri
274 1831 341 1874 non
370 1814 513 1895 possent
559 1810 640 1876 setis
671 1811 740 1876 sine
770 1809 867 1876 dubio
898 1811 950 1876 lex
979 1811 1058 1896 ipsa
1080 1812 1129 1878 di-

163 1899 278 1963 cendo:
314 1897 369 1964 Ne
392 1899 501 1983 prius
524 1920 606 1964 eum
631 1898 809 1965 adultere
832 1902 987 1985 egetur,
1010 1921 1130 1985 quum

158 2010 244 2054 cum
269 1988 446 2054 adultere
469 1992 597 2053 ectum
619 1986 756 2073 fuerit,
779 1988 933 2073 ostendit,
956 1988 1130 2057 sedebis

113 2076 264 2162 eolloqui,
287 2098 424 2162 quorum
446 2081 583 2163 uterque
605 2077 751 2147 accusari
773 2080 891 2160 potest.
930 2076 1130 2146 Admonebo

160 2169 271 2232 temen
288 2188 354 2232 uno
373 2170 431 2232 eut
449 2167 554 2232 altero
573 2169 777 2250 argumento,
798 2170 957 2251 quantum
974 2165 1030 2231 lex
1048 2168 1131 2255 ipse,

163 2255 191 2321 si
222 2256 271 2319 ite
302 2255 475 2339 accipitur,
507 2277 646 2338 passure
675 2254 829 2319 iniurium
859 2255 912 2320 sit.
961 2254 1130 2338 fingamus

163 2341 258 2426 enim,
273 2343 457 2408 adulterum
471 2343 523 2407 vel
542 2365 600 2409 sua
619 2343 786 2408 voluntate
805 2344 856 2408 vel
874 2344 968 2409 etium
985 2344 1131 2413 interve

162 2430 272 2495 niente
301 2430 370 2495 feto
402 2431 516 2496 stetim
546 2431 735 2497 decessisse:
766 2432 829 2497 hoc
855 2432 978 2498 iustum
1004 2435 1132 2517 poterit

111 2533 144 2583 25
163 2518 278 2604 videri,
310 2522 349 2584 ut
376 2519 530 2604 quoniam
560 2521 699 2586 alterum
727 2519 835 2586 debito
867 2521 1027 2605 supplicio
1057 2522 1132 2589 futu

164 2607 394 2692 subtraxerint,
417 2609 522 2675 ultera
545 2631 674 2695 quoqne
692 2608 921 2694 impunitatem
939 2611 1131 2679 mereatur?

162 2696 338 2783 fingemus,
368 2697 596 2784 a<du>lterum
624 2698 821 2765 conscientie
849 2698 992 2765 criminis
1015 2698 1130 2784 profu·

164 2785 264 2887 gieee,
277 2786 497 2889 ‚nullomodo
520 2788 627 2853 fecere
650 2787 702 2851 sni
723 2790 933 2872 potestatem:
968 2786 1131 2892 numquid

112 2977 145 3027 ³0
164 2878 312 3028 {eniti
321 2874 457 3031 litt?
472 2875 696 3031 313ζέἆὲῗέ
697 2880 965 3031 “citello
972 2897 1131 3035 guoffl

163 3050 261 3117 modo
288 3052 323 3118 id
345 3052 467 3119 iustum
491 3053 593 3118 videri
615 3056 735 3140 potest.
779 3053 922 3140 nemis,
956 3052 1011 3139 qui
1037 3054 1133 3131 dicitr

164 3163 237 3205 cum
261 3140 408 3208 adultero
431 3142 522 3229 prins
546 3164 644 3228 agere
667 3142 777 3227 debes,
805 3143 888 3209 illud
912 3142 1004 3209 dicit:
1036 3142 1132 3228 prius

164 3249 238 3294 eum
266 3230 413 3296 adultero
442 3250 513 3315 ege.
559 3230 721 3317 fingemus
746 3232 845 3318 enim,
869 3232 922 3298 vel
947 3254 967 3296 e
989 3234 1023 3295 te
1047 3232 1132 3321 ipse,

234 3350 382 3421 reieci,
405 3367 474 3408 corr.
494 3350 539 3407 Ro
565 3353 575 3423 fl
602 3357 637 3407 24
659 3352 735 3408 ecto
758 3358 799 3407 A·
820 3355 831 3423 κ
853 3358 887 3409 re
910 3350 1029 3411 sectas
1057 3360 1069 3430 ι
1097 3364 1133 3415 su

162 3420 385 3494 *e<du>1terum
405 3424 414 3492 ΙΙ
436 3428 471 3479 33
491 3421 576 3479 *cum
594 3423 735 3493 adultero,
754 3423 877 3497 <deinde
896 3443 960 3481 cum
978 3426 1135 3505 adultere>

162 3509 224 3564 nge.
244 3493 381 3565 fingemus
400 3495 495 3550 eutem
512 3499 561 3552 ete.
579 3493 618 3565 (?)
