2392 3862
473 235 689 292 PRAEFATIO.
1023 238 1062 293 IX

101 387 151 447 vel
169 385 391 462 argumentatio
411 385 564 444 subtiliter
582 385 672 445 ducta
685 385 735 446 vel
748 385 844 446 finitio
859 385 1063 462 significanter

101 484 266 544 constituta
288 482 477 559 designatur,
505 482 824 556 comprehendentibus
851 483 984 543 breviter
1012 503 1059 543 ar-

102 582 280 658 gnmemnm
302 579 347 639 rei
368 579 418 638 rel
441 580 579 655 apposita
601 582 690 640 notae
712 599 799 654 voce,
824 581 874 641 vei
898 595 945 658 Ν,
974 593 996 663 q
1024 581 1061 639 li·

102 682 237 739 terarum
259 677 439 753 compendiis
462 677 548 752 quasi
571 676 666 754 digito
690 696 755 736 eam
775 678 1063 754 demonstrantibus,

102 776 217 835 alterae
244 774 330 850 illae,
363 793 439 849 quae
467 773 608 834 videntur
634 793 653 833 a
679 776 875 850 grammatico
903 777 1063 852 profectae,

86 874 245 949 repetunt
270 871 439 948 singulares
462 871 578 947 aliquas
605 889 705 946 voces,
730 873 878 948 scriptura
902 873 950 932 vel
973 873 1062 932 decli·

102 970 225 1030 natione
253 969 301 1029 vel
329 968 543 1044 significatione
571 969 781 1028 memorabiles
804 961 921 1050 (plenas
944 970 1062 1046 partim,

103 1068 216 1144 partim
234 1068 344 1128 omisso
362 1067 395 1125 in
413 1084 472 1141 quo
489 1066 565 1123 nihil
584 1066 728 1126 momenti
747 1070 794 1126 est
808 1062 918 1148 exitu),
937 1067 1064 1144 denique

104 1165 143 1225 ad
170 1165 397 1240 dispositionem
424 1162 577 1238 pertinent
603 1163 669 1223 illa:
701 1165 849 1243 narratio,
876 1167 1064 1242 argumenta,

104 1261 224 1322 similia.

173 1359 254 1430 Quas
278 1364 365 1418 notas
389 1376 490 1418 omnes
514 1357 613 1434 recepi
630 1357 663 1415 in
681 1362 860 1434 apparatum
879 1359 1015 1418 criticum
1034 1361 1065 1418 et

105 1457 235 1522 diductis
259 1457 355 1516 literis
379 1455 511 1519 distinxi.

173 1551 293 1612 Contuli
307 1553 418 1612 librum
432 1570 509 1612 anno
526 1553 620 1627 1880,
634 1571 736 1613 mense
751 1555 922 1630 septembri.
956 1554 1066 1613 Postea

106 1671 174 1712 cunr
201 1650 360 1715 adornauti
386 1649 460 1708 mihi
489 1649 649 1709 editionem
678 1653 825 1711 nonnulla
852 1671 959 1728 parum
984 1655 1067 1711 certa

106 1752 208 1809 essent
237 1750 315 1822 visa,
347 1748 385 1807 de
413 1748 456 1806 eis
483 1749 556 1808 locis
585 1748 707 1808 edoctus
736 1769 790 1825 per
820 1749 925 1811 literas
954 1767 1020 1807 sum
1048 1768 1066 1807 a

105 1847 171 1905 viro
191 1845 362 1905 doctissimo
386 1848 418 1904 et
440 1845 654 1905 humanissimo
672 1845 708 1905 A.
728 1846 872 1921 Bonneto,
896 1845 1066 1920 professore

105 1943 378 2019 Montepessulano.

174 2041 201 2105 B
221 2066 262 2088 =
282 2042 524 2118 Monacensis,
543 2041 621 2102 MSc.
640 2041 694 2100 lat.
713 2041 788 2114 309,
805 2040 988 2110 chartaceus,
1008 2038 1068 2097 for-

107 2157 176 2198 mae
194 2138 368 2214 quadratae,
386 2155 464 2197 anno
481 2138 566 2197 1494
588 2138 636 2196 vel
650 2137 739 2212 paulo
754 2139 833 2211 ante,
851 2140 886 2196 ut
901 2127 1067 2215 videtur*),

107 2236 235 2312 scriptus
254 2252 346 2294 manu
364 2233 498 2310 eleganti
516 2251 550 2292 ac
569 2233 702 2295 dilucida
725 2237 756 2293 et
778 2232 890 2309 optime
912 2250 1067 2293 conserva

106 2337 165 2394 tus.
210 2333 321 2408 Incipit
352 2331 451 2390 media
480 2331 599 2390 demum
631 2332 663 2390 in
693 2332 766 2390 decl.
795 2332 858 2390 252
890 2331 937 2390 his
967 2322 1068 2390 verbis

106 2430 320 2508 „excutiamus
343 2426 502 2488 submisit“
527 2421 569 2506 (p.
590 2430 641 2503 32,
662 2422 732 2509 17),
756 2446 918 2500 summam,
944 2445 1068 2503 prorsus

108 2529 144 2586 ut
170 2526 213 2600 A,
245 2526 337 2584 habet
364 2524 612 2584 declamationem
642 2528 720 2602 388,
753 2526 837 2586 cuius
865 2528 935 2602 post
962 2524 1070 2582 ultima

107 2625 200 2685 verba
222 2624 367 2700 leguntur
390 2621 444 2680 illa
467 2615 533 2701 (fol.
550 2625 611 2683 147
631 2618 727 2704 recto)
756 2622 926 2700 „Incipiunt
949 2640 985 2680 ex
1003 2614 1069 2680 cal-

107 2721 216 2799 purnio
238 2721 331 2790 flacco
353 2723 499 2796 excerpta.
533 2719 685 2794 Excerpta
703 2718 815 2778 Decem
833 2719 999 2778 Rhetorum
1016 2717 1071 2774 mi-

107 2837 223 2879 norum.
269 2817 352 2875 Uxor
383 2812 600 2892 tyrannicida“.
646 2816 687 2875 Et
719 2818 888 2893 sequuntur
919 2814 1069 2892 continuo,

109 2915 219 2976 omisso
243 2915 364 2991 Seneca,
388 2912 544 2989 Calpurnii
567 2913 800 2973 declamationes
823 2914 987 2991 excerptae,
1010 2930 1071 2970 non

107 3015 180 3073 illae
203 3013 291 3072 modo
315 3012 438 3088 priores,
462 3029 538 3086 quae
560 3011 593 3069 in
615 3011 693 3070 libro
712 3011 741 3070 Α
761 3012 873 3088 insunt,
897 3009 949 3069 sed
968 3026 1071 3069 omnes

111 3113 161 3173 51.
189 3111 225 3168 ln
247 3110 306 3168 fine
330 3108 510 3184 subscriptio
534 3100 598 3187 (fol.
625 3109 688 3166 160
711 3126 787 3168 vers
806 3107 837 3165 in
860 3099 972 3185 medio)
992 3106 1069 3183 „llx-

110 3209 215 3287 plicitp
238 3227 274 3267 ex
297 3206 462 3283 Calpurnio
484 3206 591 3266 Flacco
615 3201 779 3282 excerptp“.

178 3306 275 3365 Notae
294 3305 326 3363 in
345 3305 444 3364 codice
462 3321 522 3364 nou
541 3306 612 3363 sunt
630 3302 688 3361 nisi
708 3320 766 3360 una
786 3303 828 3380 (p.
848 3301 921 3376 303,
939 3301 988 3359 18.
1006 3292 1071 3377 19),
