2392 3862
111 174 203 231 XXIV
480 176 698 232 PRAEFATIO.

224 326 281 386 Est
303 325 459 401 splendide
483 328 626 386 exornata
644 329 675 385 et
692 329 842 402 congestis
860 327 994 404 priorum
1012 328 1078 412 edi·

226 427 327 482 torum
346 423 531 499 aliorumque
550 423 704 483 doctorum
722 425 855 484 virorum
870 419 950 506 (Lat.
964 425 1080 502 Latini,

224 517 551 596 nat1513†1593;
580 521 628 579 Jo.
652 520 846 599 Schultingii,
873 523 969 599 patris
992 524 1079 583 illiue

225 618 468 695 quiann01659
487 619 644 705 natusest
659 616 852 696 Schultingii3
872 620 938 682 Pet.
956 621 1079 680 Francii

224 717 285 775 nat.
307 718 391 776 1646
411 711 432 789 †
453 705 553 795 1704)
581 714 662 774 notis
686 717 716 774 et
739 715 874 792 epistolis
898 717 971 776 satis
995 735 1075 778 com-

225 812 326 888 moda,
347 816 482 873 ceterum
504 813 597 872 mirae
620 811 840 890 neglegentiae.

116 913 201 972 1784
224 910 436 987 Bipontina,
459 910 515 986 „ad
535 910 662 986 optimas
681 909 827 969 editiones
842 910 952 972 collata
966 911 1078 971 studiis

225 1007 375 1069 societatis
398 1002 606 1084 Bipontinae“,
628 1025 688 1066 non
710 1007 841 1066 multum
863 1007 964 1068 differt
986 1027 1005 1067 a
1025 1009 1075 1068 Pi-

224 1106 361 1165 thoeana.

115 1204 288 1264 1821-25
313 1201 452 1262 Parisina
473 1200 627 1276 recognita
645 1220 664 1261 a
682 1200 864 1263 Dussodio
889 1194 1076 1284 (Dussault),

225 1301 255 1358 in
273 1299 455 1359 bibliotheca
474 1299 599 1358 classica
615 1299 711 1359 latina
729 1318 783 1375 per
796 1300 834 1359 N.
848 1299 884 1359 E.
906 1300 1077 1360 Lemaire

226 1398 315 1458 edita.
347 1397 517 1473 Expressit,
540 1396 575 1454 ut
593 1397 636 1455 ait
653 1397 733 1475 ipsa,
757 1398 790 1456 in
808 1397 1078 1458 declamationibus

225 1494 480 1553 Burmannianam
503 1491 678 1570 editionem,
700 1495 841 1554 collatam
860 1513 927 1554 eum
942 1493 1077 1555 Obrech-

226 1592 308 1651 tiana
327 1594 358 1651 et
375 1589 591 1652 vetustioribus
605 1589 811 1665 quibusdam.“
845 1591 942 1652 Notas
957 1611 1079 1669 quoque
1144 1580 1150 1591 ’

226 1693 257 1748 et
284 1689 427 1766 epistolas
456 1707 474 1746 a
500 1687 674 1747 Burmanno
703 1687 936 1749 communicatas
965 1687 1080 1764 repetit

227 1789 258 1846 et
280 1787 460 1863 pleniorem,
488 1803 577 1862 quum
599 1784 643 1843 ibi
666 1789 727 1861 est,
750 1785 915 1845 editionum
938 1785 1076 1844 tabulam

225 1884 373 1961 proponit.

227 1982 421 2058 Transcripta
439 2000 474 2041 ex
493 1980 550 2041 hac
572 1980 681 2040 dicitur
705 1999 835 2058 summa,

117 2081 291 2140 1824-26
316 2078 569 2155 Taurinensis,
593 2097 629 2138 ex
651 2079 732 2155 typis
751 2078 815 2138 Joe.
839 2077 961 2138 Pomba.

180 2179 285 2239 Novae
309 2177 448 2237 editionis
470 2176 586 2253 pridem
614 2175 797 2237 desiderium
823 2177 890 2236 esse
916 2194 1004 2236 nemo
1026 2193 1080 2236 ne·

115 2278 241 2354 gaverit
277 2275 348 2333 Jam
366 2272 497 2334 Orellius
521 2265 567 2354 (in
590 2274 677 2349 epist.
700 2273 804 2332 critica
826 2274 865 2333 ad
882 2272 1078 2349 Madvigium,

115 2373 280 2450 praemissa
299 2370 450 2431 Ciceronis
465 2369 595 2445 Oratori,
613 2369 709 2429 Bruto
728 2370 792 2444 etc,
812 2361 1079 2452 Turioi1830)*),

115 2471 259 2530 acerrime
282 2468 417 2528 invectus
439 2467 470 2526 in
492 2466 759 2541 Burmannianam,
787 2465 826 2526 ad
857 2467 1078 2543 suscipiendum

115 2571 146 2629 id
175 2587 250 2644 opus
275 2567 450 2626 exhortatus
473 2568 528 2626 est.
570 2564 693 2640 Suscepi
716 2567 747 2623 et
769 2567 915 2640 quantum
937 2563 1024 2639 potui
1045 2564 1079 2623 in

115 2663 295 2741 perficiendo
323 2682 358 2722 eo
386 2663 520 2722 studium
542 2661 721 2739 consumpsi.
766 2660 1025 2721 Desiderabuntur
1048 2664 1081 2722 et

9 2814 17 2847 ζ
115 2761 368 2837 vituperabantur
399 2778 458 2820 non
489 2759 586 2819 nulla:
619 2777 696 2835 quae
728 2758 856 2818 maxime
889 2776 963 2834 opus
991 2761 1081 2819 erant

115 2862 196 2920 facto
219 2858 323 2919 uideor
344 2856 418 2916 mihi
439 2856 560 2932 fecisse,
589 2860 679 2932 atque
702 2856 799 2916 habeo
821 2873 998 2931 persuasum
1023 2856 1079 2915 heo

116 2957 247 3017 editione
274 2973 333 3016 non
363 2954 451 3014 modo
478 2954 558 3031 quod
582 2953 814 3014 declamationes
842 2953 986 3014 oblivioni
1017 2952 1078 3012 iam

115 3072 211 3131 paens
241 3052 340 3126 datas,
368 3070 444 3128 quas
471 3070 537 3112 esse
564 3051 660 3127 ipsius
685 3049 860 3121 Quintiliani
889 3050 998 3110 abhinc
1015 3052 1079 3110 tres

116 3169 210 3211 annos
238 3148 453 3223 demonstravi,
488 3149 519 3208 in
547 3150 645 3208 lucem
677 3167 781 3209 mimus
808 3148 921 3224 protuli
948 3148 1079 3225 gratiam

115 3270 329 3281 ——-..——

189 3321 215 3400 ⁴¹)
236 3318 312 3383 Quae
336 3315 457 3400 epistola
475 3317 721 3400 ,‚emendationes“
744 3317 840 3387 prodit
862 3316 989 3385 „Almari
1006 3319 1079 3372 lian-

119 3392 226 3458 conetr,
246 3389 429 3444 iureconsulti
446 3387 654 3458 Burdigalensm
675 3391 712 3458 (n.
733 3394 801 3443 1498
820 3393 838 3454 †
857 3390 951 3457 1559),
971 3406 989 3444 a
1007 3389 1079 3444 Bon-

118 3461 213 3533 gareio
231 3458 352 3531 margini
369 3459 542 3514 Pithoeanae
560 3458 692 3514 editionis
711 3457 894 3530 edscnptasf‘
