2392 3862
341 187 662 247 nasammonas.
682 189 811 246 COLXV.
1011 192 1053 258 81

90 355 165 439 plus
193 373 290 438 quam
319 350 487 416 dimidiam
510 356 638 435 partem
661 353 850 437 patrimonii
872 355 1054 438 relinquere

91 441 232 507 feminae
263 461 329 505 non
359 441 468 521 liceat,
501 461 573 504 eum
606 461 645 504 ex
672 440 741 505 illis
766 443 857 509 nulla
888 442 1054 508 dimidiam

90 534 219 615 partem
242 528 410 612 aeaeperit.
446 529 513 593 sive
537 528 577 592 ad
599 532 704 593 totam
725 551 785 594 nos
809 552 905 599 rocas
924 526 1054 616 eompu-

90 619 264 686 tationem:
296 615 380 682 nihil
407 617 557 700 interest,
589 621 745 701 quantum
776 619 891 703 auique
913 620 1054 685 feminae

90 708 303 791 relinquatur.
350 703 456 781 Quid?
488 705 517 770 si
548 727 589 771 ne
617 706 701 771 ratio
734 707 862 790 quidem
893 713 1090 795 repugnata

94 796 219 881 scripto
243 800 276 860 et
298 794 406 859 verbis
428 794 511 878 legis
535 794 652 860 istius?
675 794 752 879 quid
775 795 861 860 enim
883 800 980 879 putas
998 819 1054 863 vo-

93 885 194 950 luisse
217 883 300 968 legis
318 883 471 966 latorem,
495 904 567 948 uum
590 883 653 948 hau
675 884 726 948 ius
749 884 983 950 eonstitueret?
1015 906 1055 949 ne

93 974 232 1039 feminae
255 972 373 1036 nimias
392 993 469 1056 opes
488 970 701 1056 possiderent,
723 988 770 1037 na·
782 973 931 1055 potentia
946 994 1056 1038 aarum

94 1063 209 1128 civitas
227 1063 437 1145 premeretur.
469 1060 533 1125 hoa
552 1079 629 1144 ergo
650 1060 804 1126 adversus
822 1062 967 1146 singulas
982 1082 1056 1126 eon·

93 1151 217 1233 stituit,
245 1155 279 1215 et
307 1148 348 1214 ad
372 1148 539 1215 evitandas
568 1170 646 1233 opes
673 1149 868 1215 feminarum
891 1151 971 1216 satis
994 1150 1056 1214 hoa
1077 1166 1110 1215 10

93 1238 291 1324 quaesitum,
317 1259 359 1302 ne
387 1237 444 1303 uni
465 1236 541 1320 plus
569 1259 666 1321 quarn
694 1237 828 1303 dimidia
856 1260 933 1322 pars
956 1238 1056 1322 patri·

94 1328 197 1393 monii
233 1328 478 1411 relinqueretur.
535 1330 678 1391 aeterum
716 1326 845 1411 quidem
878 1326 960 1391 illud
991 1347 1057 1390 non

94 1419 250 1483 caverunt
268 1416 367 1500 leges,
385 1437 426 1481 ne
444 1413 554 1498 plures
573 1413 712 1479 feminae
731 1415 845 1481 eodem
858 1417 1055 1481 testamento

94 1505 326 1590 scriberentur3
358 1525 425 1569 non
452 1502 584 1568 hercule
612 1504 729 1589 magis,
763 1526 860 1588 quam
894 1504 990 1588 illud,
1016 1524 1057 1567 ne

92 1593 204 1678 plures
227 1593 425 1658 hereditates
448 1590 563 1656 iisdem
585 1590 715 1657 feminis
733 1592 1003 1678 relinquerentur.
1077 1605 1110 1656 15

491 1855 654 1924 GGLXV.

245 1980 485 2063 Ignominiesi
508 1981 673 2064 pulsatur
696 1979 736 2045 in
758 1979 905 2063 temple.

94 2106 132 2173 81
153 2123 230 2184 quls
249 2125 286 2171 nr
306 2123 448 2172 naneae
468 2120 948 2188 1u1nalnnrscaa1r,nacnn
960 2120 1060 2169 nram

185 2212 255 2260 nar
278 2213 323 2278 nr,
351 2211 409 2259 cur
437 2210 600 2259 nnuman
622 2208 789 2275 rausum,
812 2208 935 2257 nncsn
958 2209 1060 2256 nram

185 2298 673 2350 crvlrari.lauon1ruosoun
698 2298 751 2346 sir
776 2298 882 2347 scaro
906 2298 1057 2346 urrumn—
1076 2295 1111 2344 20

184 2389 268 2439 aun.
288 2371 427 2448 Quidam
440 2370 695 2456 ignominiosum
713 2370 856 2454 pulsavit
874 2371 909 2434 in
923 2371 1060 2454 temp103

171 2461 295 2535 ,decem
318 2461 410 2526 milia
426 2461 510 2545 petit
528 2459 742 2544 magistratus
761 2459 892 2524 nomine
907 2459 1061 2524 civitatis.

408 2652 744 2721 DECLAMATIO.

164 2776 199 2844 Si
214 2777 319 2864 pudor
333 2776 603 2844 commendandus
618 2781 678 2862 est,
697 2776 788 2842 auius
802 2775 997 2842 difficillima
1010 2798 1060 2841 ra·

96 2868 145 2933 tio
170 2867 277 2933 estin
299 2867 358 2931 lite
380 2866 581 2951 pecuniaria:
608 2887 676 2930 non
698 2866 793 2931 nobis
816 2865 994 2949 litigamus,
1024 2886 1061 2930 ae
1079 2877 1115 2928 aa

95 2954 137 3022 n'e
165 2956 212 3020 rei
239 2955 390 3039 publicae
419 2954 548 3039 quidem
576 2959 610 3018 et
637 2953 779 3019 civitatis
808 2955 940 3019 nomine
972 2954 1061 3018 avari

97 3066 222 3129 sumus,
251 3047 283 3108 et
308 3044 389 3109 haee
419 3043 524 3108 omnis
554 3043 640 3108 aetio
669 3064 735 3109 non
757 3047 825 3108 tam
849 3042 931 3107 lueri
955 3041 1062 3124 gratia

97 3137 130 3198 et
153 3131 371 3218 adquirendae
393 3133 489 3196 huius
513 3131 669 3215 pecuniae
688 3130 868 3196 constituta
888 3132 946 3213 est,
965 3150 1063 3212 quam

168 3329 186 3379 t
205 3322 274 3393 quid
294 3341 359 3379 sane
378 3328 398 3376 B
412 3326 422 3394 l!
436 3329 452 3379 6
472 3321 587 3392 scriptio
602 3327 642 3377 Aa
655 3324 665 3393 ΙΙ
679 3328 694 3376 '1
708 3337 759 3376 nee
778 3321 842 3376 fem.
855 3325 896 3373 Διι
908 3321 947 3390 l⁸
967 3336 1062 3376 earum

96 3411 148 3452 om.
168 3399 191 3449 A
212 3396 222 3465 ΙΙ
246 3402 279 3450 10
298 3394 427 3450 vitandae
445 3398 465 3446 B
484 3396 493 3464 ll
513 3398 545 3448 15
564 3391 673 3449 hisdem
691 3396 774 3459 saa,
792 3391 913 3447 hiisdem
931 3396 971 3445 Ab
997 3394 1006 3462 ll
1030 3399 1063 3447 19

96 3465 178 3521 milia
195 3482 246 3521 om.
267 3470 290 3517 Δ
303 3467 312 3534 ll
326 3471 361 3520 24
379 3467 434 3519 rito
453 3468 494 3518 Aa

152 3563 292 3615 Qulntillani
307 3564 367 3616 dael,
383 3563 416 3606 ed,
431 3564 515 3608 Ritter.
908 3560 927 3608 ir
