2370 3862
154 217 223 282 420
522 216 753 299 QUINTILIANI

224 377 502 455 Quemadmodum
530 378 674 443 occidere
703 378 798 443 volo?
845 377 1033 443 conducam
1060 402 1134 464 per·

156 466 344 533 cussorem‘?
367 466 546 532 insidiabor
558 466 803 551 peregrinanti?
825 466 908 530 nihil
922 465 1048 532 horum
1065 470 1132 534 est:

157 577 247 620 meas
275 577 389 620 manus
416 555 552 641 inquino
577 558 609 619 et
633 554 680 619 sic
702 576 783 639 paro
807 576 982 638 venenum,
1012 559 1056 620 ut
1080 557 1133 622 de

156 643 348 728 prehendar.
394 647 519 709 secreta
542 646 618 708 sunt
639 642 874 727 parricidarum
898 643 1037 710 scelera

122 747 139 799 Β
223 729 309 816 „Gur
332 753 421 817 argo,
443 731 558 816 inquit,
580 752 739 796 venenum
762 730 954 796 habuisti‘?“
982 730 1132 798 Omise-

159 843 230 885 ram
252 820 440 886 liberandae
460 819 699 899 adulescentiae
713 841 805 884 meae
820 822 943 885 sortem
968 822 1003 884 et
1028 821 1131 886 malis

159 930 286 994 quoque
318 909 399 992 ipsis
428 908 577 973 tristiora
606 908 764 973 remediat
811 908 1035 973 excusandum
1069 913 1130 992 est,

159 997 245 1081 quod
266 1019 308 1061 ne
331 997 497 1080 diluerem,
520 996 604 1061 mori
622 997 802 1061 volueram:
825 1000 859 1061 et
876 995 1016 1060 ultimae
1038 999 1130 1084 cogi-

158 1085 303 1150 tationes
327 1089 519 1151 revocantur
542 1084 582 1150 ad
601 1084 749 1148 iudicem.
778 1084 1004 1168 paulominus
1026 1107 1130 1169 quam

107 1189 141 1238 10
158 1176 235 1258 post
262 1173 333 1237 fata
361 1194 507 1239 arcessor
533 1194 616 1237 reus.
662 1172 718 1237 sed
741 1194 782 1237 na
804 1173 918 1237 fallam
940 1177 988 1251 te,
1020 1178 1128 1258 pater,

158 1260 360 1346 respondebo
384 1262 492 1328 verbis
514 1261 666 1327 fortunae
690 1282 791 1345 meae,
812 1260 1018 1345 respondebo
1040 1263 1129 1346 quod

157 1352 257 1433 soleo,
276 1350 310 1415 id
329 1355 474 1433 estnon
493 1350 577 1414 alius
595 1371 678 1433 reus,
697 1370 796 1433 quam
813 1349 913 1414 filius:
931 1348 1019 1413 mori
1039 1353 1128 1417 volo.

158 1437 331 1521 Oquanto
354 1438 483 1503 facilius
506 1437 567 1501 tibi
595 1437 712 1503 mortis
735 1459 862 1519 causas,
893 1458 992 1520 quam
1017 1439 1128 1521 parri-

158 1525 235 1590 cidii
257 1525 403 1592 reddam!
440 1525 540 1590 immo
564 1525 689 1609 passim
712 1525 855 1590 obiectas
879 1528 912 1590 et
934 1525 1127 1609 publicatus

106 1626 140 1678 15
158 1616 288 1678 tantum
311 1634 379 1678 nou
400 1613 558 1678 transibo.
598 1615 681 1678 mori
704 1613 802 1679 volui.
843 1613 972 1698 quaeris
995 1616 1127 1698 quare?

158 1701 235 1785 quia
263 1704 359 1767 natus
391 1723 463 1766 sum
492 1703 532 1768 ad
562 1702 710 1767 miserias
742 1702 927 1784 bominum,
962 1701 1127 1787 incendia,

156 1789 275 1855 naufra
301 1789 344 1872 'a‚
367 1790 462 1854 bella.
499 1789 624 1873 felices,
651 1791 791 1874 quisue
815 1789 951 1855 arbitrio
975 1791 1126 1857 moriun-

157 1882 220 1944 tur.
256 1899 273 1942 >
303 1878 403 1964 cipio,
426 1879 540 1964 inquit,
563 1879 645 1943 bene
668 1879 790 1944 habet«
813 1877 906 1980 (puto
931 1878 1012 1962 quia
1035 1881 1126 1947 ultra

105 2069 140 2121 a
158 1971 455 2141 illidit}
474 1967 564 2121 till
586 1965 1125 2138 ⁰t⁰rdtm⁰l3ltlss⁰tltt

159 2144 262 2209 dulcis
295 2145 452 2229 quaedam
489 2145 529 2211 ad
562 2144 769 2209 securitatem
800 2143 863 2209 via.
909 2165 1010 2227 quare
1040 2145 1126 2211 mori

157 2233 316 2298 voluerim
339 2233 489 2318 quaeris?
518 2234 572 2297 cn!
596 2233 672 2316 quia
694 2232 780 2317 vivo,
802 2253 877 2297 reus
902 2254 982 2296 sum.
1022 2255 1125 2318 quare

159 2322 243 2387 mori
275 2321 386 2386 volui?
432 2319 520 2386 vides
554 2322 652 2400 enim,
685 2342 724 2385 ex
753 2323 829 2386 voto
864 2320 1124 2388 adulescentiam

159 2429 305 2492 egeram:
328 2408 412 2473 nihil
434 2430 590 2493 umquam
614 2431 666 2474 me
690 2408 833 2490 offendit,
856 2430 1058 2492 quamquam
1077 2412 1126 2475 in·

106 2510 140 2561 25
158 2496 256 2560 terim
288 2500 321 2559 et
354 2496 495 2562 secunda
527 2496 567 2561 ad
600 2496 774 2580 u<er>sum
807 2498 945 2577 me[um]
979 2496 1126 2584 faciunt3

160 2583 314 2668 quidquid
332 2583 448 2668 rogavi
464 2587 506 2666 te,
525 2588 627 2670 pater,
646 2586 746 2651 etiam
764 2585 851 2650 solus
871 2585 1011 2650 exorari.
1044 2609 1126 2671 pace

160 2672 340 2736 maiestatis
369 2675 444 2737 tuae
468 2672 589 2738 dictum
613 2673 670 2738 sit:
701 2694 767 2738 non
790 2695 900 2738 omnes
923 2677 993 2738 tam
1017 2674 1126 2741 fortes

160 2782 286 2843 sumus,
312 2782 380 2825 non
409 2782 521 2826 omnes
549 2762 635 2827 bella
658 2762 815 2827 sustinere
837 2783 1021 2846 possumus.
1070 2764 1128 2829 sad

163 2869 230 2914 non
253 2849 400 2934 quisquis
425 2850 568 2916 occidere
590 2850 721 2915 hostem
738 2871 806 2914 non
824 2854 942 2934 potest,
965 2851 1128 2918 continuo

232 3065 246 3113 1
269 3060 505 3128 quemadmodum
525 3060 554 3114 et
572 3076 630 3114 occ.
646 3064 667 3112 Β
681 3061 691 3129 ΙΙ
705 3065 720 3114 Β
736 3059 878 3114 strictiora
890 3063 911 3111 Β
925 3061 935 3128 fl
949 3064 983 3114 10
998 3074 1131 3117 arceraor

161 3133 221 3198 ΔΒ,
241 3146 367 3185 arcessor
385 3132 429 3201 ΒΙΙ
444 3137 476 3184 12
496 3146 560 3184 reus
579 3146 629 3185 om.
648 3133 693 3200 ΒΙΙ
709 3136 741 3184 13
760 3129 883 3185 lucillius
901 3132 947 3198 Al
963 3136 996 3184 14
1015 3132 1130 3187 subiec-

162 3205 207 3255 tas
225 3202 269 3270 Bu
285 3207 318 3257 15
337 3202 433 3256 tamen
451 3201 543 3269 Β1119
561 3204 735 3270 pugnaturus
753 3199 829 3255 ultra
845 3204 866 3252 B
889 3201 898 3269 ΙΙ
920 3217 988 3254 num
1006 3209 1131 3274 onaP1¹

162 3277 196 3326 22
216 3270 310 3327 vivam
328 3275 388 3341 ΑΒ,
408 3288 476 3328 corr.
496 3271 538 3326 Gr
560 3273 570 3342 l
591 3287 639 3339 ne,
659 3272 726 3341 quia
744 3272 851 3338 vivam,
869 3289 891 3326 r.
912 3271 964 3324 sim
983 3271 1041 3327 Sca
1061 3275 1071 3343 l
1093 3281 1130 3331 ΒΒ

160 3341 244 3396 iudex
261 3348 282 3395 P
304 3344 314 3412 ll
339 3348 375 3397 24
394 3357 490 3412 egram
506 3345 537 3412 Β,
555 3358 670 3412 aegram
687 3348 708 3395 P
734 3345 744 3411 Ι
769 3341 888 3396 nihilum
908 3359 993 3410 quam
1011 3346 1034 3394 Β
1058 3347 1069 3426 fl
1092 3352 1131 3402 ΒΒ

158 3412 313 3468 secundum
331 3417 353 3466 Β
371 3416 382 3487 l
399 3414 436 3469 ad
453 3429 536 3468 usum
553 3430 647 3468 meum
664 3417 721 3480 An,
740 3429 810 3468 corr.
820 3413 874 3468 sa
887 3415 897 3482 ΙΙ
910 3419 944 3467 26
962 3418 1082 3482 rogavit
1100 3419 1133 3473 et

147 3488 237 3558 pater
254 3491 310 3544 ΔΒ
323 3488 334 3561 l
348 3493 385 3546 2‘1
403 3489 505 3546 tamen
518 3489 544 3539 Β
