2392 3862
347 239 669 297 DECLAMATIONES.
690 240 842 298 CCCXXX.
1019 242 1084 309 299

119 406 282 491 praestari
304 405 366 470 filii
389 404 438 468 tui
461 402 584 469 matri?
613 407 645 469 et
669 403 697 468 si
719 402 781 470 hoo
800 406 908 471 animo
927 405 1025 491 fuisti,
1048 409 1085 471 tu

118 495 262 576 voluisti,
284 498 322 559 tu
346 492 472 558 dedisti.
504 513 563 557 neo
586 493 673 557 enim
692 492 843 576 cuiquam
862 494 1016 560 credibile
1035 495 1085 560 vi-

117 585 188 650 deri
219 585 344 667 potest,
376 582 547 666 ignorasse
574 586 622 662 te,
659 601 702 646 an
734 600 795 664 ego
827 603 902 648 vere
931 605 1084 650 amarem.

117 694 170 741 me
194 673 264 738 sine
287 670 386 736 dubio
411 673 445 735 et
466 670 659 735 verecundia
682 673 715 734 et
736 673 841 735 metus
864 671 1006 737 inhibuit
1025 672 1084 738 ali-

118 765 293 846 quatenus,
316 780 428 824 verum
453 760 565 824 statim
588 759 703 824 dicere.
741 756 797 822 sed
820 778 890 823 cam
912 761 1083 843 pecuniam
1102 776 1118 825 6

120 850 313 932 acciperem,
340 847 416 911 illas
443 869 495 912 me
524 847 694 912 subierunt
722 847 952 932 cogitationes,
985 870 1084 932 quam

116 937 339 1020 indulgenter,
366 957 463 1019 quam
491 935 667 1020 prudenter
693 935 831 1019 faceres,
858 939 896 999 ut
918 936 1084 1002 infelicem

118 1024 273 1090 feminam
301 1024 417 1107 aleres,
448 1045 508 1088 nec
535 1023 690 1090 videreris
718 1024 753 1089 in
781 1025 922 1109 gratiam
949 1024 1083 1090 redisse.

182 1113 251 1197 „Tu
270 1116 390 1197 tamen,
412 1112 528 1197 inquit,
549 1113 706 1178 mentitus
725 1135 759 1177 es
779 1113 866 1196 patri
885 1117 919 1178 et
938 1133 1083 1179 amorem

116 1201 294 1288 meretricis
318 1200 469 1265 finxisti.“
500 1200 552 1265 Ita
574 1201 780 1266 innocentior
801 1223 899 1283 eram,
923 1203 1082 1268 sirenum
1103 1217 1136 1266 10

114 1289 292 1356 dixissem?
328 1290 426 1373 plena
448 1291 498 1354 est
520 1287 705 1354 huiusmodi
729 1290 854 1355 artibus
876 1291 960 1373 vita,
983 1291 1081 1375 plena

114 1383 191 1445 sunt
218 1379 318 1443 ctiam
345 1378 489 1442 theatra:
522 1378 830 1443 circumscribuntur
854 1383 888 1443 et
910 1401 1080 1445 servorum

114 1467 240 1531 artibus
263 1470 374 1551 patres
398 1468 431 1531 et
453 1465 631 1532 mendaciis
654 1467 811 1533 filiorum:
840 1470 872 1532 et
894 1467 1080 1554 ignoscunt,

113 1576 187 1620 oum
210 1554 434 1620 meretricibus
457 1554 593 1639 pecunia
621 1555 729 1639 datur,
757 1578 831 1622 cum
854 1557 965 1642 aliqua
992 1579 1012 1622 a
1034 1558 1080 1621 le-

112 1665 196 1709 noue
228 1643 400 1709 redimitur
431 1645 557 1710 ancilla.
603 1644 669 1709 dixi
702 1667 846 1711 amorem
874 1668 945 1712 esse
976 1667 1077 1712 mere
1099 1659 1132 1709 15

111 1733 217 1797 tricis:
241 1736 408 1816 acceptam
429 1735 602 1817 pecuniam
624 1735 722 1798 matri
745 1733 828 1799 dedi.
872 1735 1079 1800 innocentior

112 1842 190 1907 ergo
222 1843 325 1906 eram,
358 1822 387 1886 si
417 1822 588 1906 pecuniam
616 1823 714 1886 matri
747 1823 885 1907 petitam
915 1822 1079 1888 meretrici

113 1910 298 1975 dedissem?

180 1997 290 2062 Possit
312 1996 416 2061 vidoni
435 1997 505 2062 sine
524 1996 622 2062 dubio
644 1997 759 2061 durum
779 2001 813 2062 ot
831 2018 993 2082 asperum,
1016 2018 1081 2082 me,

115 2106 189 2150 curn
211 2086 280 2167 ipse
305 2085 366 2148 sim
390 2084 425 2147 in
443 2085 597 2167 periculo,
621 2085 721 2149 etiam
740 2084 843 2167 (pro)
863 2085 928 2150 alio
947 2106 1080 2172 rogaro:
1100 2101 1134 2152 ‘20

114 2193 335 2258 quaecumque
358 2175 469 2235 tamen
493 2172 628 2255 occasio,
651 2193 872 2257 quaecumque
895 2176 1007 2238 tamen
1026 2194 1083 2238 ne-

115 2261 250 2327 cessitas
273 2263 337 2343 est,
366 2259 394 2324 si
418 2260 484 2325 iam
508 2279 569 2344 ego
594 2259 726 2342 offendi,
755 2261 784 2325 si
808 2261 898 2345 quid,
922 2261 1006 2346 quod
1028 2283 1083 2345 pa·

113 2371 187 2415 rum
220 2348 411 2432 simpliciter
442 2350 641 2435 rogaverim,
679 2349 842 2434 irasceris,
871 2349 964 2415 illam
999 2371 1084 2415 com·

115 2437 237 2504 ,mendo
261 2437 427 2502 miseram:
449 2458 516 2503 non
539 2439 576 2502 ut
598 2437 734 2504 reducas
754 2435 831 2524 (fuit
849 2439 914 2504 ista
933 2460 1006 2524 spes
1025 2439 1083 2504 ali·

117 2526 246 2613 quando
276 2529 309 2591 et
338 2526 492 2608 forsitan,
521 2527 549 2591 si
571 2526 697 2592 felicior
720 2548 839 2612 essem,
866 2532 1011 2594 maneret
1029 2528 1082 2594 ad·
1102 2542 1136 2593 25

116 2612 205 2702 huc),
228 2615 318 2700 illud,
342 2615 429 2700 quod
452 2635 550 2700 egens
575 2618 607 2680 et
630 2616 798 2682 abdicatus
821 2638 953 2682 necesse
975 2617 1081 2683 habeo

114 2704 296 2788 deprecari,
319 2710 357 2769 ut
379 2705 463 2789 alas,
486 2704 616 2769 etiamsi
639 2704 799 2770 irasceris.
846 2706 976 2790 qualem
995 2705 1082 2771 enim

115 2793 253 2857 miserae
281 2793 371 2858 illius
395 2792 563 2859 existimas
586 2793 705 2876 vitam,
735 2815 809 2859 cum
833 2795 922 2860 cibos
946 2794 1081 2860 cotidia·

115 2900 177 2944 uos
200 2881 283 2964 petit
306 2885 339 2946 et
362 2902 489 2964 semper
511 2883 546 2946 in
569 2885 737 2966 posterum
760 2902 857 2967 egens
881 2882 953 2948 ost?
996 2883 1083 2968 equi·

115 2969 190 3034 dem
205 2989 327 3053 vereor,
340 2970 473 3054 iudices,
486 2991 528 3034 ne
542 2973 618 3054 post
631 2968 715 3036 hano
730 2992 836 3036 meam
851 2970 1082 3055 calamitatem,
1101 2986 1136 3035 30

113 3080 214 3143 *quam
246 3059 439 3143 praesertim
471 3059 634 3144 excepisse
662 3080 713 3124 me
741 3062 875 3145 propter
902 3058 1082 3124 misericor·

188 3238 202 3286 1
222 3233 365 3302 praestare
384 3236 407 3284 Δ
429 3233 438 3301 11
458 3232 497 3304 et]
518 3233 548 3288 at
566 3232 634 3304 Rol
656 3233 711 3287 fuit
729 3237 793 3301 AB,
813 3248 882 3288 corr.
901 3231 959 3285 Aer
976 3233 1017 3301 114
1034 3249 1080 3289 me

112 3319 164 3358 om.
183 3305 228 3373 Bl
242 3306 319 3358 metu
338 3305 412 3374 3115
431 3304 484 3358 *ut
503 3305 577 3374 AB„
592 3309 626 3358 10
644 3302 779 3359 intinxisti
797 3304 952 3372 Β1νοιοιη
970 3306 1011 3355 Aa
1024 3305 1033 3375 11
1049 3309 1083 3358 14

114 3374 244 3430 alienone
262 3379 303 3428 Aa
329 3375 339 3443 11
369 3380 403 3429 20
423 3372 516 3448 (pro)
534 3374 592 3430 Aer
613 3375 623 3444 1
644 3381 679 3431 21
699 3374 809 3430 occasio
829 3389 1012 3443 quaecunque
1031 3390 1082 3431 om.

112 3447 135 3496 Β
158 3448 162 3515 1
182 3446 278 3500 tamen
296 3460 346 3502 om.
366 3451 386 3497 Ρ
451 3450 484 3500 25
504 3462 647 3502 manerem
665 3448 685 3498 Β
713 3447 723 3516 1
751 3450 856 3501 25—26
875 3459 989 3500 manere
1007 3444 1080 3502 illud

110 3513 150 3568 ad
170 3532 206 3570 uc
225 3519 282 3586 AB,
300 3532 369 3572 corr.
419 3519 457 3587 ο11
470 3521 505 3571 28
524 3517 711 3573 exaestimans
732 3520 755 3568 A
