2392 3862
510 208 742 285 cummium:

454 377 792 447 DEOLAMATIO.

210 503 276 568 Lex
299 503 413 568 iniusti
436 502 563 588 repudii
586 505 728 571 maxime
757 504 941 570 necessaria
960 505 1000 571 ad
1029 528 1106 572 con·

144 592 276 658 tinenda
299 593 508 659 matrimonia
530 597 564 658 et
586 592 638 657 liis
660 594 834 679 praecipue
856 594 1011 679 moribus,
1035 597 1107 680 qui-

144 681 203 746 bus
226 680 324 748 finem
342 684 470 747 tantum
488 684 665 749 necessitas
683 678 851 767 feo<er>it,
874 690 971 767 super
990 688 1105 750 omnes

110 784 125 833 5
144 772 234 856 leges
257 770 378 835 tuenda
401 774 461 836 est.

210 857 427 944 Repudiatam
461 858 502 923 ab
535 857 596 924 hoo
627 879 761 925 uxorem
793 864 869 925 esse'
896 858 1105 926 manifestum

144 953 201 1012 est.
225 948 385 1032 reliquum
408 951 467 1028 est,
489 949 526 1011 ut
544 946 666 1030 aliquid
684 946 873 1032 repudiatae
893 947 1022 1014 obiciat.
1055 949 1107 1013 ita

144 1036 273 1103 demum
296 1035 381 1100 enim
403 1039 514 1121 potest
537 1056 607 1100 esse
631 1034 754 1102 iustum
776 1036 958 1122 repudium,
985 1037 1015 1102 si
1037 1058 1107 1103 me·

143 1124 210 1189 ruit
232 1124 276 1208 id,
299 1145 380 1209 quae
402 1120 598 1207 repudiatur.
632 1122 683 1190 Ne
706 1124 718 1191 i
741 1146 775 1190 se
799 1124 928 1208 quidem
950 1128 1020 1189 tam
1043 1126 1103 1190 im·

92 1220 125 1279 10
143 1211 267 1298 pudens
296 1217 354 1298 est,
382 1209 593 1298 (quamquam
618 1233 685 1277 non
712 1148 796 1280 desit
814 1210 963 1300 audacia)
986 1217 1023 1279 ut
1046 1215 1106 1280 cri-

142 1306 216 1365 men
235 1300 338 1367 ullum
356 1301 459 1387 furgat
476 1298 512 1365 in
529 1308 676 1366 uxorem:
697 1302 891 1369 necessitate
910 1301 1104 1369 defenditur.

141 1394 290 1473 poteram
313 1388 429 1472 dicere,
451 1388 539 1454 aliud
562 1411 633 1456 esse
655 1388 785 1458 iustum.
816 1398 893 1457 riam
916 1391 969 1456 lex
988 1391 1104 1457 iniusti

142 1476 268 1561 repudii
296 1481 419 1562 spectat
445 1481 618 1563 utramque
640 1501 828 1580 personam:
855 1479 1018 1544 noceatis
1042 1485 1105 1565 est,

142 1565 175 1630 id
197 1566 292 1630 modo
316 1566 450 1650 intueri,
472 1564 549 1651 quid
571 1570 707 1634 maritus
730 1569 836 1634 facere
859 1566 1020 1653 debuerit:
1051 1590 1106 1633 ve·

91 1658 123 1721 15
142 1676 214 1718 rum
242 1653 275 1718 id
303 1674 430 1739 quoque
458 1650 649 1720 intuendum
672 1658 735 1741 est,
762 1656 839 1742 quid
862 1657 932 1740 pati
955 1656 1107 1724 debuerit

144 1763 233 1808 uxor.
279 1765 377 1827 quare
403 1742 482 1809 licet
504 1747 540 1809 tu
562 1743 745 1811 necessario
767 1744 1000 1830 repudiaveris,
1023 1745 1105 1813 haec

143 1831 263 1898 iniuste
295 1831 466 1915 repudiata
498 1834 557 1898 est.
601 1831 682 1898 haec
709 1832 862 1919 dicerem,
895 1835 923 1899 si
950 1842 1017 1900 non
1046 1838 1107 1900 tua

144 1920 240 2011 culpa
258 1920 437 2004 accidisset,
454 1923 492 1986 ut
509 1920 705 2005 repudiares.
733 1919 797 1988 Sed
814 1923 925 2008 miror,
946 1922 1024 1989 siin
1041 1924 1104 1990 hac

144 2008 276 2075 civitate
300 2009 551 2096 diligentissima
573 2010 653 2077 iuris
676 2010 745 2077 ulla
763 2012 816 2078 lex
835 2017 950 2078 contra
967 2014 1104 2078 alteram

90 2115 124 2164 20
145 2099 268 2184 scripta
287 2102 344 2184 est,
363 2103 420 2166 aut
437 2099 500 2166 hoo
520 2098 765 2185 prudentissimi
779 2101 1009 2171 constitutores
1024 2101 1106 2168 iuris

142 2209 209 2252 non
236 2187 393 2254 viderunt.
438 2189 600 2274 quemodo
627 2211 760 2257 necesse
782 2194 845 2276 est,
873 2192 959 2275 quod
981 2190 1105 2256 iustum

144 2298 209 2341 non
233 2277 327 2341 erat?

208 2364 349 2448 „Rapta,
372 2365 492 2449 inquit,
520 2365 652 2448 nuptias
674 2387 764 2431 meas
788 2362 985 2450 optaverat.“
1027 2364 1104 2430 Non

143 2455 193 2515 est
219 2451 282 2517 hoc
309 2452 390 2536 tale,
424 2453 518 2537 quale
551 2454 579 2519 si
611 2452 746 2519 diceres:
792 2457 951 2536 tyrannus
983 2454 1104 2538 coegit3

89 2540 237 2624 aequale
272 2539 299 2605 si
330 2539 465 2606 diceres:
498 2540 630 2626 aliquis,
661 2540 713 2606 cui
742 2545 940 2625 potestatem
973 2541 1105 2608 dederat

141 2628 347 2713 respublica,
364 2628 427 2694 hoo
440 2629 549 2713 iussit:
568 2632 699 2694 semotus
714 2634 772 2695 aut
785 2630 924 2715 populus
941 2630 1104 2715 pertinere

141 2717 174 2782 id
189 2718 229 2783 ad
243 2717 489 2802 rempublicam
508 2717 764 2785 existimavit-:
779 2723 816 2784 ut
828 2722 924 2804 rapta
932 2719 1104 2805 repudiare

142 2807 295 2893 coegerit,
324 2810 362 2872 ut
385 2808 457 2894 cogi
479 2828 605 2893 posses,
632 2811 669 2872 tu
692 2806 809 2873 fecisti.
855 2812 888 2874 et
910 2809 1018 2894 ipsum
1041 2808 1104 2875 hoc

142 2896 268 2982 repudii
291 2899 419 2981 tempus
442 2898 527 2963 mals
546 2899 723 2981 computas.
748 2900 826 2965 tuno
844 2897 1049 2984 repudiatam
1067 2902 1105 2963 tn

90 3003 125 3053 30
144 2985 246 3052 credis
269 3007 412 3071 uxorem,
435 3008 507 3052 eum
529 3006 581 3051 res
604 3007 680 3050 suas
701 2985 764 3050 sibi
782 2985 904 3052 habere
922 2988 1012 3053 iussa
1031 2987 1102 3052 est?

146 3098 218 3142 eum
234 3075 344 3162 egredi
359 3076 397 3141 de
408 3074 582 3140 domo?-:
595 3095 727 3139 uxorem
741 3077 819 3141 tune
832 3075 1020 3161 repudiasti,
1030 3096 1104 3141 cum

213 3222 230 3270 4
248 3215 425 3271 necessitatis
443 3221 463 3267 1³
487 3217 498 3284 i
524 3212 663 3287 fec<er)it
680 3212 726 3269 Ro
747 3216 757 3283 ΙΙ
780 3220 795 3269 7
814 3213 983 3270 relictam!
1005 3216 1016 3282 1
1037 3217 1054 3267 8
1073 3229 1105 3269 se

142 3305 208 3343 mer.
228 3289 274 3356 ΔΙΙ
289 3294 320 3342 11
341 3286 447 3342 nullum
469 3289 534 3342 Aa
555 3287 565 3355 ΙΙ
580 3291 613 3341 1a
631 3283 731 3368 <aliud
748 3283 958 3358 necessarium>
976 3285 1033 3341 Aer
1046 3284 1056 3353 t
1071 3290 1105 3341 16

142 3360 209 3414 tuuc
228 3358 349 3416 cessario
367 3362 402 3428 A,
421 3375 494 3414 nuuc
512 3371 668 3413 necessario
689 3360 710 3409 B
728 3357 738 3426 Ι
755 3361 791 3411 84
809 3358 887 3426 coep.
907 3371 992 3425 quare
1010 3359 1034 3408 Δ
1047 3356 1057 3425 ῃ
1070 3360 1105 3413 2⁶

136 3431 207 3556 plii
226 3432 272 3499 ΔΗ
287 3430 336 3485 alii
354 3436 386 3502 A,
405 3428 512 3500 aliquid
530 3429 622 3498 lette
640 3429 737 3499 posset
754 3428 828 3497 ΔΒΙ
844 3430 879 3483 30
896 3423 995 3482 haberi
1013 3423 1104 3497 3131

158 3519 174 3556 e
192 3518 242 3556 om.
263 3506 332 3556 AaB
