2392 3862
170 220 236 285 248
543 213 772 283 cerneremur

173 404 317 449 summae
353 382 402 446 rei
425 381 612 447 discrimen:
642 381 721 446 satis
745 382 854 446 tamen
881 381 969 446 iusta
993 380 1143 450 defensio

174 471 346 536 videretur.
1074 507 1102 517 -κ

240 559 356 625 Adhuc
380 562 490 625 tamen
508 558 641 643 propius
667 558 817 623 accedere
837 558 877 624 ad
891 559 1140 645 interpretatio·

125 699 129 707 .
170 670 245 712 nem
279 649 363 734 legis
390 648 465 715 volo
495 651 540 732 et,
568 650 726 731 quatenus
755 669 832 731 pars
859 646 987 714 diversa
1014 650 1140 735 scripto

134 753 150 801 e
172 738 378 823 innit<it>ur,
403 739 502 802 eliam
521 737 594 820 ipsa
612 736 710 800 verba
730 736 874 801 scrutari.
908 736 986 822 quid
1003 739 1139 806 tandem

172 826 249 891 dicit
272 826 348 890 lex?
389 826 477 911 aqui
500 825 545 890 ab
569 824 682 890 hoste
706 827 940 909 provocatus
962 846 1038 891 non
1069 836 1139 912 pu·

171 916 384 1001 graverit.‹
418 915 459 979 ab
482 914 577 979 hoste
600 914 710 998 igitur,
732 935 798 978 non
823 936 842 978 a
864 914 1044 1000 transfuga.
1077 920 1138 982 ne'c

171 1026 327 1089 umquam
354 1003 524 1069 habuerim
552 1003 638 1067 huno
666 1023 727 1087 ego
755 1001 973 1086 perditissimo
1001 1005 1136 1087 parrici-

171 1093 232 1157 dae
263 1092 434 1177 honorem,
467 1097 503 1157 ut
530 1092 624 1156 illum
653 1091 687 1155 in
713 1112 849 1155 numero
871 1110 992 1175 ponam
1022 1114 1137 1159 eorum

118 1197 151 1246 10
171 1180 354 1265 hominum,
383 1182 437 1265 qui
465 1203 523 1265 pro
553 1203 589 1245 re
612 1180 743 1265 publica
766 1202 839 1263 sua,
866 1180 921 1265 qui
944 1202 1004 1265 pro
1026 1184 1138 1266 patria

170 1271 370 1354 pugnabant.
417 1269 462 1334 Et
490 1270 518 1333 si
545 1269 644 1334 verba
671 1268 744 1353 ipsa
766 1268 944 1353 intuemur,
966 1269 1029 1335 hoe
1054 1273 1138 1337 eatis

170 1364 232 1423 est:
274 1359 302 1424 si
332 1381 408 1424 vero
446 1358 657 1441 introspicere
693 1357 894 1424 voluntatem
926 1357 1138 1446 voluerimus,

170 1446 283 1529 ecquid
306 1446 515 1511 manifestum
539 1449 598 1529 est,
620 1467 688 1510 non
710 1447 773 1511 hoc
796 1447 935 1511 sensisse
958 1447 1068 1531 legum
1090 1450 1137 1514 la·

169 1537 288 1616 torem,
320 1537 357 1598 ut
389 1535 458 1600 ulla
486 1535 681 1599 necessitate
708 1538 822 1619 posset
849 1534 922 1621 cogi
943 1537 1037 1618 pater
1061 1558 1135 1603 cum

116 1638 149 1688 15
168 1621 237 1686 filio
262 1621 440 1687 dimicare?
470 1645 512 1688 an
535 1644 610 1688 vero
634 1623 673 1706 is,
696 1623 752 1706 qui
774 1622 906 1709 scripsit
928 1624 1135 1711 »hostem«,

169 1732 236 1775 non
258 1709 387 1776 videtur
410 1710 577 1796 scripsisse
601 1711 767 1776 alienum?
800 1734 926 1777 summa
948 1711 1011 1778 hac
1030 1717 1136 1781 nomi·

169 1799 220 1864 nis
252 1799 364 1884 utique
392 1800 520 1865 minora
551 1800 738 1884 complexus
766 1804 824 1866 est.
868 1822 935 1866 non
958 1822 1036 1887 ergo
1061 1806 1136 1890 cogi

170 1892 281 1972 potest
305 1889 475 1975 quisquam
498 1889 581 1975 lege,
604 1893 640 1954 ut
663 1910 736 1954 curn
760 1890 828 1955 filio
852 1911 911 1954 suo
933 1896 1068 1976 pugnet

235 1977 300 2044 Hic
327 1983 438 2044 tamen
464 2000 532 2044 non
559 1978 744 2045 defendetur
768 1970 911 2044 adfedtus
939 1983 973 2044 et
995 1981 1135 2064 pietatis

117 2083 151 2132 2ο
174 2068 388 2135 simulacione.
433 2088 512 2153 >ego
541 2090 627 2153 vero,
650 2068 772 2153 inquit,
802 2067 959 2153 pugnavi3
987 2068 1044 2135 sed
1069 2092 1134 2156 quo

168 2158 265 2223 modo'
306 2179 452 2244 pugnare
494 2158 669 2242 oportebat
708 2159 853 2224 vestrum
893 2156 1135 2241 imperatorem.

168 2247 264 2310 unius
289 2248 482 2331 sanguinem
506 2246 639 2332 exigitis
659 2269 715 2310 -ε
739 2246 915 2311 exercitum
934 2246 1042 2313 cecidi.
1074 2270 1134 2333 par

169 2334 387 2415 gladiatorum
415 2334 522 2399 simile
549 2334 727 2417 postulatis
759 2357 817 2398 -ε
851 2333 954 2400 totius
988 2335 1133 2403 civitatis

168 2420 340 2486 victoriam
362 2421 470 2488 retuli.
507 2424 674 2486 numerate
693 2421 811 2506 spolia:
835 2424 867 2487 et
886 2424 1068 2510 aestimate,
1091 2448 1134 2491 an

114 2524 148 2574 eo
169 2507 316 2574 damnari
339 2511 518 2594 debuerim,
548 2510 625 2593 quia
647 2510 720 2595 plue
744 2511 902 2596 praestiti.
949 2534 1032 2598 quae
1056 2519 1133 2581 sunt

168 2597 264 2680 enim,
288 2619 370 2681 quae
393 2599 445 2662 lex
468 2598 636 2681 postulet?
660 2599 719 2663 illa
743 2600 873 2684 quidem
895 2621 1040 2686 pugnam
1060 2607 1133 2668 tan·

166 2685 334 2750 tummodo
359 2708 473 2753 meam.
512 2690 734 2752 verumtamen
758 2689 886 2754 videtur
908 2690 1046 2756 tacitum
1069 2692 1133 2758 hoe

168 2773 339 2839 scribentis
371 2775 471 2843 firisse
507 2778 633 2861 votum,
664 2781 700 2843 ut
728 2780 761 2841 et
787 2776 893 2843 hostis
922 2777 1132 2847 occideretur.

167 2867 339 2948 utrumque
362 2864 528 2948 praestiti:
559 2869 592 2930 et
615 2885 676 2950 ego
698 2867 844 2951 pugnavi
868 2869 901 2931 et
924 2867 980 2932 ille
1004 2868 1131 2935 occisus

110 2969 144 3019 30
167 2956 225 3018 est.
256 2952 394 3018 sednon
414 2955 584 3040 continget
602 2976 640 3020 ea
659 2955 879 3041 perditissimo
893 2956 1012 3041 iuveni,
1032 2979 1131 3042 quam

168 3041 353 3128 quaerebat,
377 3041 506 3129 invidia,
529 3048 567 3109 ut
589 3043 753 3111 videretur
778 3045 898 3110 scelere
922 3045 1062 3130 occisus,
1094 3050 1134 3112 ut

236 3205 253 3254 4
273 3198 437 3270 quatinus
461 3203 484 3251 Δ
507 3202 517 3269 ΙΙ
539 3199 671 3256 scribitur
688 3205 709 3255 B
732 3203 741 3271 ll
765 3200 957 3269 tinniente,
976 3202 1131 3269 innitarB,

163 3304 230 3345 corr.
253 3288 293 3343 Pi
310 3290 319 3360 ss
340 3294 356 3344 8
376 3305 429 3359 ego
447 3304 499 3371 pro
517 3287 595 3358 perd.
614 3292 688 3359 Bl9
707 3306 827 3372 poenam
845 3293 937 3362 11110
955 3275 1016 3375 reip
1034 3296 1058 3345 Δ
1071 3294 1082 3362 l
1097 3298 1131 3348 13

163 3361 234 3414 haec
271 3359 321 3415 uid
339 3365 377 3429 Δ,
401 3361 431 3414 et
449 3359 517 3430 qmd
535 3365 555 3411 P
573 3362 583 3429 l
602 3363 781 3430 14poss1tn
804 3363 814 3432 ΙΙ
838 3367 870 3415 19
890 3361 1050 3418 defendrtur
1068 3367 1130 3431 u,

163 3446 231 3485 corr.
279 3432 323 3499 ol
341 3436 375 3486 20
394 3429 587 3486 simulationes
605 3435 647 3483 Aa
668 3433 678 3499 ΙΙ
700 3436 734 3485 21
753 3432 833 3486 ντῖιω
852 3431 920 3503 im'p'
936 3437 959 3485 Δ
977 3435 987 3503 ΙΙ
1009 3439 1045 3489 22
1065 3450 1130 3489 san-

166 3499 251 3570 guine
270 3505 319 3554 AB
333 3504 343 3572 ΙΙ
356 3502 519 3559 exercitium
537 3505 614 3554 B-l’
628 3501 685 3570 1126
703 3501 750 3556 lex
768 3516 818 3559 om.
838 3507 878 3556 Aa
891 3503 901 3574 fl
914 3502 1042 3574 postulat
1058 3509 1079 3559 B
