2392 3862
145 234 210 303 326
510 234 739 301 QUINTILIANI

233 401 339 465 cendit
372 403 405 463 et
435 420 568 464 uxorem
601 401 634 462 et
665 398 786 464 liberos
818 399 990 465 interfecit.
1036 400 1113 466 vult

233 490 316 553 mori
341 510 465 574 pauper
488 489 614 553 ratione
637 488 672 551 in
696 491 812 553 senatu
833 487 968 553 reddita.
1015 488 1112 555 dives

233 576 267 642 O.
290 577 329 643 D.

540 663 713 729 SERMO.

109 814 125 862 5
212 791 368 866 Quotiens
400 789 463 854 hoc
496 809 598 873 genus
630 789 785 854 materiae
819 789 938 873 divido,
974 813 1112 860 necesse

145 881 250 946 habeo
274 879 308 943 id
331 879 449 963 dicere,
478 878 563 962 quod
593 878 659 943 iam
683 899 778 961 saepe
802 878 881 963 dixi,
909 901 960 943 me
982 880 1114 948 nullam

144 970 345 1034 voluntatem
374 968 565 1052 cuiusquam
594 970 708 1032 contra
734 967 880 1032 themata
908 967 1113 1055 intellegere.

144 1058 285 1122 fortasse
310 1061 406 1128 erunt
430 1056 545 1142 aliqui,
575 1057 631 1140 qui
654 1056 843 1120 existiment
867 1079 886 1120 a
908 1079 1052 1142 paupere
1076 1060 1114 1126 id

145 1147 251 1212 solum
280 1145 399 1230 quaeri,
432 1149 469 1209 ut
495 1144 650 1209 invidiam
678 1144 771 1209 diviti
800 1145 911 1229 faciat3
946 1147 1032 1230 quod
1059 1147 1115 1214 illi

92 1255 124 1304 10
144 1235 330 1319 contingere
359 1237 457 1298 etiam
490 1234 571 1299 citra
604 1233 719 1298 mortis
752 1234 955 1317 propositum
989 1239 1114 1319 potest.

143 1324 197 1390 hic
225 1344 301 1408 ergo
332 1345 455 1408 pauper
478 1323 564 1407 apud
587 1344 638 1386 me
662 1322 746 1386 mori
769 1321 853 1388 vult:
883 1343 979 1408 agere
1002 1323 1114 1412 debet,

143 1417 179 1478 ut
207 1413 374 1476 moriatur.
420 1411 496 1496 quid
520 1430 598 1494 ergo
623 1409 693 1475 est?
729 1432 796 1475 non
828 1411 924 1476 aliter
951 1411 1114 1480 invidiam

144 1500 237 1565 diviti
259 1499 358 1564 faciet
380 1500 562 1564 maximam.
595 1499 702 1582 prima
725 1500 872 1583 quaestio
895 1499 953 1565 illa
977 1504 1038 1585 est,
1066 1525 1114 1571 211

144 1610 259 1652 causae
292 1587 407 1652 mortis
439 1587 511 1653 ideo
544 1592 675 1652 tantum
699 1587 765 1654 sint
792 1588 1034 1675 adprobandae,
1067 1613 1113 1658 ne

92 1697 124 1746 15
143 1680 254 1761 turpes
278 1677 409 1742 lateant.

458 1798 796 1867 DECLAMATIO.

210 1928 296 1993 Mori
323 1927 407 1992 volo.
453 1925 578 1991 nullam
608 1930 677 1990 tam
700 1925 911 1991 inhumanam
935 1927 1113 2014 quisquam

144 2017 316 2083 crediderit
348 2037 418 2081 esse
449 2016 566 2100 legem,
593 2018 629 2079 ut
656 2013 822 2079 hominem
845 2015 1052 2083 innocentem
1077 2024 1114 2087 et

143 2107 282 2172 invitum
307 2105 449 2170 detineat
469 2105 504 2167 in
530 2103 610 2185 luce,
633 2103 688 2167 sed
713 2103 761 2168 ita
780 2103 901 2188 scripta
918 2106 970 2170 lex
989 2110 1050 2191 est,
1074 2113 1115 2175 ut

92 2211 125 2261 2ο
143 2218 282 2280 poenam
313 2194 428 2258 mortis
452 2192 639 2288 constituat.
684 2192 930 2277 »insepultus
963 2195 1114 2262 abicia-

144 2291 206 2349 tur
234 2285 281 2366 is,
315 2283 380 2366 qui
411 2303 486 2346 non
520 2280 802 2364 adprobaverit
830 2303 997 2348 causas<
1048 2285 1115 2352 ira·

145 2373 245 2437 scitur
263 2391 341 2455 ergo
359 2372 411 2434 lex
431 2371 468 2453 ei,
494 2369 547 2453 qui
567 2391 634 2434 non
653 2369 841 2453 adprobatis
861 2372 988 2437 senatui
1002 2375 1115 2441 causis

144 2461 291 2545 perierit3
315 2481 397 2543 quae
420 2458 566 2542 profecto
584 2479 650 2522 non
667 2457 748 2524 haec
768 2457 975 2543 existimavit,
999 2482 1115 2546 quem·

146 2571 243 2633 quam
267 2549 351 2611 mori
370 2547 453 2612 velle
473 2546 542 2610 sine
561 2568 667 2612 causa.
701 2546 758 2611 sed
777 2568 850 2612 cum
868 2548 985 2633 duplex
1004 2569 1114 2634 genus

91 2654 124 2703 25
145 2658 315 2702 causarum
341 2635 392 2714 sit,
418 2636 556 2700 alterum
580 2657 619 2700 ex
641 2635 760 2700 iniuria
783 2635 944 2722 fortunae,
971 2638 1115 2706 alterum

145 2749 183 2789 ex
210 2725 298 2789 mala
326 2724 536 2808 conscientia,
566 2724 628 2790 hoo
661 2724 767 2809 ipsum
800 2725 904 2790 voluit
936 2725 1115 2810 adprobari

146 2813 285 2898 senatui,
316 2836 429 2878 causas
456 2836 523 2880 non
556 2835 626 2879 esse
660 2813 829 2878 deformes.
876 2833 991 2898 graves
1024 2817 1116 2883 enim

145 2926 215 2968 esse
246 2902 454 2969 manifestum
483 2907 547 2986 est,
579 2925 650 2968 cum
678 2901 776 2968 homo
812 2903 895 2968 mori
926 2903 1015 2969 volit.
1064 2905 1116 2972 ita

146 2993 272 3058 senatui
295 3015 361 3058 non
388 2993 427 3057 de
454 2992 517 3057 hoo
540 2991 799 3077 cognoscendum
822 2995 885 3076 est,
907 2991 970 3057 hae
993 3013 1117 3079 graves

92 3101 126 3149 uo
148 3105 262 3149 causae
290 3082 406 3147 mortis
435 3103 477 3146 an
502 3103 578 3146 non.
633 3101 749 3165 graves
778 3080 865 3145 enim
892 3081 1024 3165 inputat
1045 3082 1117 3170 ille,

217 3247 232 3294 2
252 3241 390 3295 rationem
408 3238 427 3294 i.
446 3256 467 3292 s.
486 3236 624 3292 redditam
644 3239 718 3306 3115
738 3235 863 3292 dividam
882 3241 942 3304 AB,
962 3253 1033 3294 corr.
1047 3238 1116 3313 val

146 3316 162 3364 8
182 3312 301 3381 pauperi
318 3312 364 3380 ll
379 3315 413 3364 10
432 3307 1118 3387 10111132121311111102221112213ηῲ121

147 3385 257 3452 111113
276 3381 361 3437 faciet
379 3380 455 3450 quod
472 3379 516 3433 illi
535 3378 697 3449 contingere
716 3381 897 3449 1112131115
916 3379 1038 3448 pateant
1054 3386 1118 3454 n,

145 3456 246 3521 petant
263 3458 296 3517 Ρ,
315 3468 384 3507 corr.
403 3451 448 3505 Ro
466 3456 491 3505 et
509 3450 550 3505 Bi
572 3452 581 3520 ΙΙ
604 3457 639 3505 2ο
657 3449 769 3521 mortis]
788 3450 854 3517 fort.
869 3448 977 3505 *malis
995 3450 1006 3520 l
1023 3456 1059 3507 22
1080 3469 1119 3511 eo

147 3541 202 3592 quo
221 3524 283 3590 1211
298 3529 332 3576 30
351 3522 476 3593 inputat]
496 3521 553 3576 iam
571 3522 654 3591 putat
673 3521 723 3588 Gr,
745 3522 829 3590 putat
847 3520 901 3576 Solu
