2392 3862
359 225 677 283 DECLAMATIONES.
696 225 837 284 cccxvl.
1012 227 1077 293 243

502 391 685 509 csexrr.

373 582 483 650 Flens
505 582 692 650 luxuriosi
714 578 828 666 parer.

113 707 292 774 Flenst
234 731 276 795 pa
277 711 326 774 ter
346 729 406 792 per
427 707 593 793 publicum
616 707 721 774 filium
744 708 945 776 luxuriosum
968 733 1077 798 seque-

202 798 309 863 batur.
346 796 486 862 dement
460 801 526 862 trae
550 818 624 863 reus
648 801 707 863 est.

506 972 681 1040 SERMO.
1096 974 1116 1041 c

179 1097 252 1164 Hoc
289 1121 390 1186 genus
423 1099 716 1164 controversiarum
748 1121 851 1182 paene
884 1099 1076 1166 divisionem

112 1210 179 1252 non
207 1189 318 1273 exigis.
367 1187 426 1253 illa
454 1187 635 1253 communis
662 1187 730 1252 fere
758 1189 908 1253 omnibus
938 1211 977 1253 ex
1004 1189 1077 1275 lege

113 1277 294 1342 dementiae
330 1276 546 1362 pendentibus
579 1277 805 1342 controversiis
839 1278 986 1362 quaestio
1019 1282 1077 1364 est,

113 1365 190 1451 quid
214 1364 378 1431 dementia
401 1364 466 1430 sii?
490 1367 523 1429 et
546 1386 588 1430 an
610 1364 690 1430 haec
713 1365 876 1431 dementia
894 1366 963 1432 sit?
985 1367 1020 1431 in
1037 1388 1077 1432 eo

113 1454 227 1539 qu0[d]
248 1453 441 1539 quaerimus,
463 1452 542 1539 quid
561 1453 604 1518 sit
623 1453 794 1538 dementia,
817 1458 851 1520 ei
872 1455 1076 1521 finitionibus
1097 1472 1130 1520 ιο

112 1543 277 1626 utrimque
304 1542 422 1628 positis
448 1546 481 1607 et
504 1543 594 1609 omni
616 1546 760 1609 iraciatu
782 1544 867 1610 hanc
891 1548 1076 1611 controver-

113 1632 195 1697 siam
219 1631 408 1715 dividemus,
438 1635 475 1696 ut
499 1636 686 1716 quaeratur:
713 1634 824 1711 uirum
852 1633 1016 1700 dementia
1039 1656 1078 1699 ea

113 1721 243 1786 demum
262 1719 367 1806 accipi
386 1718 512 1805 debeat,
531 1742 613 1807 quae
631 1721 753 1787 habeat
771 1722 940 1807 aequalem
958 1723 1077 1788 mentis

113 1831 268 1894 errorem,
292 1831 334 1874 an
361 1809 462 1873 etiam
492 1830 531 1874 ex
554 1810 691 1895 singulis
718 1811 771 1876 rel
794 1810 907 1895 paucis
930 1811 1078 1895 intellegi

111 1898 240 1982 possit?
272 1896 362 1964 Haec
381 1919 478 1986 saepe
496 1900 640 1963 cruciata
658 1901 747 1963 sunt:
771 1899 812 1964 ad
830 1899 952 1964 crimen
970 1899 1077 1982 ipsum
1097 1912 1131 1962 15

111 1988 289 2052 veniamus.
319 1980 474 2071 intellego
495 1989 529 2050 ei
546 1985 711 2070 indignari
728 2007 824 2070 posse
837 1985 923 2052 hune
941 1990 1077 2071 patrem,

112 2075 199 2159 quod
221 2096 296 2139 reus
319 2073 501 2140 demendiae
520 2095 540 2138 a
556 2073 725 2139 luxurioso
743 2074 812 2158 fiai,
788 2078 869 2139 iet
887 2096 960 2139 eum
974 2075 1079 2140 multa

112 2162 257 2248 graviter
284 2165 318 2226 ei
345 2183 459 2246 aspere
490 2161 597 2228 dicere
625 2166 701 2228 cont
701 2185 739 2228 ra
686 2125 869 2228 tfilium
891 2184 1002 2247 posset
1029 2184 1077 2227 re-

111 2252 191 2335 cipit
214 2249 390 2316 adversarii
417 2271 570 2334 persona3
595 2251 653 2316 sed
675 2250 850 2335 videamus,
874 2274 917 2317 an
942 2252 1078 2337 recipiat

109 2344 235 2406 nostra.
265 2360 342 2404 nam
357 2339 440 2404 sicut
453 2339 553 2424 paulo
568 2343 644 2404 anie
657 2340 897 2425 praecipiebam
915 2340 1019 2424 robis,
1040 2344 1079 2406 ut
1096 2356 1133 2407 20

110 2451 285 2514 personam
320 2428 529 2494 insueremini
574 2429 655 2513 eius,
697 2429 783 2515 apud
816 2452 910 2515 quem
942 2431 1077 2496 dicenda

113 2522 200 2584 esset
219 2516 394 2583 sententia:
418 2517 466 2583 sic
479 2539 564 2583 nunc
583 2539 709 2604 quoque
733 2517 925 2584 admoneam
947 2541 1077 2586 necesse

112 2611 171 2686 esi,
193 2610 231 2672 ui
252 2606 439 2671 inaueamur
460 2628 644 2692 persenam,
669 2629 767 2692 quam
788 2608 885 2674 nobis
904 2608 1078 2676 induimus.

111 2699 207 2779 pater
227 2694 283 2760 hic
306 2695 412 2780 qualis
428 2695 499 2760 est?
522 2717 588 2761 non
612 2717 697 2760 acer:
721 2696 922 2763 luxuriosum
940 2718 1007 2762 non
1022 2698 1076 2762 ab·

112 2784 241 2868 dicuni,
262 2805 329 2849 non
352 2784 553 2850 conviciatus
573 2788 638 2869 est3
665 2785 764 2850 eiiam
787 2806 860 2851 cum
880 2786 1003 2870 aliquid
1022 2786 1076 2850 ad·
1095 2800 1130 2850 25

112 2871 265 2939 menendi
288 2873 397 2959 gratia
419 2872 598 2953 facerem
583 2876 687 2938 iacuit
708 2877 827 2940 tamen.
872 2897 938 2940 non
962 2874 1075 2939 durus:

112 2961 203 3028 flevit
230 2962 325 3027 enirn.
371 2960 525 3047 quidquid
553 2965 628 3027 cont
628 2984 667 3027 ra
699 2963 840 3028 colorem
869 2964 947 3029 talis
976 2963 1077 3027 animi

113 3049 302 3135 dixerimus,
334 3048 475 3135 quodem
507 3050 603 3115 modo
636 3054 749 3117 contra
779 3052 892 3117 thema
924 3051 1077 3115 dicemus.

115 3139 285 3204 consilium
312 3139 421 3224 itaque
447 3124 576 3203 totius
579 3141 632 3203 aet
632 3139 716 3205 ionis
745 3162 784 3205 ex
810 3140 864 3205 his
887 3160 1001 3223 capere
1024 3139 1076 3204 de-

186 3301 220 3351 10
239 3300 353 3365 quade,
373 3299 508 3364 queen,
528 3293 1076 3366 quodn,ccrr.RoaRin11utrum-

113 3383 168 3436 que
186 3371 227 3419 Aa
243 3368 306 3435 1112
327 3366 421 3422 divide
440 3369 531 3437 3013
551 3367 737 3437 quaequdem
754 3371 794 3420 Aa
807 3369 817 3437 11
836 3372 869 3422 17
888 3383 944 3436 quo
962 3373 1067 3422 reuss

113 3453 170 3506 quo
194 3440 223 3492 et
246 3437 305 3492 eius
324 3440 425 3508 3111ss
449 3440 527 3493 aetas
552 3437 714 3507 praedicere
732 3442 752 3491 B
770 3439 781 3506 ιι
800 3444 832 3492 19
852 3437 997 3494 adversari
1013 3456 1075 3510 per

116 3523 203 3564 sonae
221 3511 313 3579 Bu28
333 3508 502 3564 duxerimus
512 3512 551 3561 Ba

874 3601 933 3672 rs?

1020 3558 1023 3563 ’
1136 3534 1153 3635 1
