2392 3862
341 216 662 274 orounnrrrours.
680 217 820 275 cccxvi.
1005 217 1069 286 2‘45

414 415 754 484 Ducununrlo.

169 545 202 611 N
203 545 325 610 ondum
341 543 486 628 privatas
501 564 541 631 ao
552 543 734 627 peculiares
746 543 953 629 lacrimarum
966 545 1065 610 reddo

103 656 230 699 causas:
258 633 400 716 interim,
424 631 495 716 quis
518 631 657 697 miratur
679 631 756 697 flere
779 631 967 698 hominem?
990 634 1066 700 hinc

101 722 241 787 infantia
272 721 401 805 incipit3
436 720 472 784 in
502 720 586 786 hanc
617 721 845 786 necessitatem
877 721 1066 807 plerumque

101 811 237 877 fortuna
260 810 398 875 deducit.
432 809 505 895 quis
529 810 615 875 enim
640 815 691 875 est
713 809 791 896 dies,
815 809 871 896 qui
888 832 955 876 non
972 813 1103 876 trister>

104 900 227 985 aliquid
256 903 288 964 et
314 898 423 964 flebile
449 898 545 964 nobis
573 899 738 966 minetur?
770 899 798 964 si
820 899 944 964 nullam
969 899 1069 964 aliam

103 989 265 1054 rationem
288 988 497 1053 lacrimarum
520 989 726 1072 haberemus,
749 991 1069 1071 conspectustamen

103 1077 272 1142 hominum
291 1081 325 1142 et
342 1077 426 1141 ratio
448 1077 660 1142 mortalitatis
679 1080 810 1161 poterat
829 1077 950 1142 elicere
963 1076 1069 1142 fietus.

102 1166 165 1231 hae
193 1166 379 1248 amicitiae,·
396 1166 457 1231 hae
495 1166 771 1251 propinquitates,
798 1166 834 1230 hi
867 1186 1067 1252 congressus,

102 1255 183 1320 haec
208 1255 316 1320 studia
336 1255 514 1338 laudesque
532 1255 619 1319 intra
636 1256 733 1320 breve
748 1255 906 1338 temporis
921 1266 1067 1320 momen·
1087 1270 1121 1319 10

102 1348 172 1408 tum
192 1344 339 1409 occident
357 1346 454 1428 atque
474 1344 634 1408 labentur.
659 1349 777 1429 quotus
798 1345 933 1429 quisque
947 1345 1068 1409 transit

104 1432 181 1516 dies,
205 1454 267 1517 quo
291 1454 358 1498 non
381 1431 477 1496 funus
501 1431 721 1516 accipiamus?
743 1432 860 1516 „Flens
883 1455 936 1497 me
959 1454 1069 1518 seque·
1110 1439 1114 1459 ³

103 1522 149 1584 ris
165 1525 211 1605 et
236 1542 295 1606 per
318 1521 484 1605 publicum
509 1520 680 1606 sequerisss
725 1543 793 1597 uon
815 1524 922 1587 totum
946 1522 1068 1587 crimen

104 1609 219 1675 obicis:
250 1609 304 1674 diu
332 1610 395 1676 hoo
422 1614 481 1675 ant
482 1633 520 1675 ea
466 1611 631 1676 tdomi
653 1610 723 1676 feci.
770 1610 962 1695 quantulum
985 1616 1068 1687 tem-

103 1698 193 1783 poris
218 1699 360 1782 spatium
383 1702 448 1785 est,
471 1700 584 1786 qu0[d]
607 1699 709 1765 talem
732 1722 784 1764 me
806 1701 918 1766 vides?
954 1699 1051 1766 fieot
1037 1705 1120 1764 te15

104 1791 241 1872 secrete,
269 1788 326 1853 ubi
354 1788 537 1854 cubiculum
564 1792 598 1853 et
624 1810 691 1853 nor
715 1791 748 1852 et
771 1789 898 1853 animus
929 1787 993 1853 sibi
1019 1809 1069 1877 re·

103 1877 200 1942 lictus
235 1876 308 1941 est?
358 1877 461 1961 „flens
498 1899 551 1941 me
589 1874 760 1961 sequerisf‘
805 1876 891 1961 quod
927 1897 1069 1959 possum.

103 1965 204 2030 miror
237 1964 386 2049 equidem
417 1965 494 2030 illos
521 1964 719 2029 fortissimos
748 1967 872 2048 patres,
901 1964 975 2047 qui
983 1963 1069 2028 hunc

105 2054 206 2118 animi
229 2054 373 2118 dolorem
397 2053 497 2118 semel
519 2052 668 2118 recidunt
687 2052 747 2116 et
736 2073 772 2116 m
789 2051 975 2116 universum
992 2052 1070 2116 flere

104 2142 236 2206 definito
257 2141 367 2225 aliquo
387 2140 543 2224 temporis
568 2140 675 2224 spatio
699 2140 798 2204 semel
822 2143 951 2224 queant.
989 2140 1069 2204 flens
1088 2155 1123 2205 20

102 2236 138 2295 te
161 2251 219 2314 per
237 2229 403 2313 publicum
423 2250 552 2313 sequor:
576 2228 654 2314 quid
673 2228 773 2314 ergo?
796 2251 863 2294 non
881 2227 1067 2294 misereris?

104 2319 254 2406 gratulor
278 2317 407 2383 crimini
430 2339 513 2403 meo,
536 2317 566 2382 si
587 2318 683 2385 mori.
717 2319 746 2383 si
767 2317 849 2383 haec
871 2317 936 2382 tibi
958 2317 1068 2402 gravis
1184 2320 1186 2324 ’

102 2408 232 2474 ridetur
254 2407 392 2491 invidia,
422 2407 499 2492 quid
522 2428 604 2491 opus
628 2411 699 2472 erat
722 2406 950 2472 accusatione?
982 2407 1068 2493 quid

103 2496 287 2562 iudicibus?
319 2459 396 2582 quiri
419 2496 481 2562 hac
498 2497 692 2613 probatione
711 2496 915 2567 dementiae?
953 2518 1069 2563 sanare
1174 2559 1178 2565 .

104 2606 156 2652 mc
179 2590 338 2670 poteras.
1088 2600 1122 2650 25

170 2673 287 2760 Exigis
310 2678 422 2740 tamen
445 2696 559 2740 causas
581 2674 791 2743 lacrimarum
813 2696 968 2742 mearum.
1001 2697 1068 2740 non

104 2784 156 2828 me
178 2764 318 2848 pecunia
340 2767 471 2828 movetz‘
497 2764 615 2829 divites
638 2762 820 2847 aliquando,
835 2764 969 2849 fuimus3
1001 2784 1068 2828 non

102 2851 182 2918 illos
212 2853 279 2918 late
310 2851 474 2937 quondam
504 2855 654 2936 patenter
684 2872 781 2937 agros
810 2852 970 2936 desidero,
1001 2873 1067 2931 non

104 2939 219 3007 faenus
237 2962 298 3007 neo
313 2942 429 3026 ingens
441 2941 569 3024 pondus
593 2941 730 3025 argenti
757 2963 862 3026 nuper
881 2941 950 3005 sine
970 2940 1066 3005 modo

104 3029 283 3096 desideravi
307 3030 475 3095 vernulam
498 3050 615 3095 meum
1087 3035 1149 3091 30’

177 3223 257 3276 best
275 3221 349 3278 enim
367 3223 411 3290 ΒΙΙ
426 3228 441 3276 7
459 3221 572 3275 tantum
589 3222 662 3287 ΒΗ
680 3220 900 3304 propinquitatis
919 3222 964 3289 ΔΙΙ
979 3225 1011 3274 11
1026 3219 1068 3273 la·

102 3290 412 3362 benttusquisqueAa
463 3291 670 3361 raccolta,
697 3294 888 3361 qui1³‚corr
907 3291 965 3346 Aer
978 3293 988 3359 ΙΙ
1000 3289 1067 3344 flere

103 3366 163 3429 ΑΒ,
182 3378 251 3419 corr.
270 3363 385 3432 Frfllt
405 3363 535 3418 rcictum
553 3364 599 3432 ΔΙΙ
617 3365 661 3417 est
679 3379 729 3420 om.
747 3364 849 3431 Bssme
868 3377 918 3416 om.
937 3360 1068 3432 Aliquid

102 3441 237 3504 possum?
256 3433 311 3490 Scir
327 3437 338 3503 ΙΙ
355 3440 389 3488 23
415 3435 475 3489 crat
462 3432 547 3488 ttibi
565 3449 624 3489 acc
642 3437 681 3487 Ba
702 3435 712 3502 ΙΙ
732 3431 939 3489 accusationem
953 3438 996 3488 Aa
1008 3436 1018 3504 t
1032 3437 1068 3489 30

103 3505 247 3561 vernule
264 3509 289 3557 Δ
966 3544 996 3562 i.
1018 3506 1148 3636 .'
